2508 4212
0 260 9 280 Ἦ
0 179 26 255 “33'*
0 78 20 170 arv-.-
0 0 16 68 ’.νη

1013 310 1274 360 —41—

198 456 644 535 Magistratibus
668 473 802 526 vero
828 455 970 532 ipsis
990 473 1080 513 res
1100 455 1344 513 forensis
1371 455 1619 513 maxime
1642 453 2064 512 laborat.'Nam
2083 458 2148 511 ut
2210 480 2212 483 ·

110 555 340 633 judices
375 577 403 607 «
448 551 736 629 pedaneos
777 556 834 608 et
874 549 1177 608 ulmicolas
1212 552 1300 627 (l)
1339 575 1366 604 »
1418 551 1702 617 omittam,
1754 550 1852 626 qui
1892 549 2149 606 maxima

118 649 544 727 oppidanorum
555 645 827 716 utilitate,
851 646 900 703 si
927 646 1077 704 inter
1102 645 1389 704 litteratos
1407 646 1825 722 deligerentur,
1848 645 1918 702 de
1943 643 2148 720 pleris-

117 765 227 823 que
253 743 444 804 causis
468 743 719 801 breviter
737 749 794 799 et
828 742 1083 798 minimis
1103 743 1376 817 impensis
1402 760 1753 818 cognoscere
1778 746 2011 817 possent
2028 740 2142 815 (2),

118 841 252 900 illos
274 840 529 917 quidem,
569 837 780 914 quibus
794 838 894 915 jus
917 836 1218 913 honorque
1232 838 1403 896 datur
1435 838 1494 894 in
1521 838 1684 895 curia
1715 844 1818 895 aut
1850 838 1908 893 in
1942 842 2147 894 senatu

118 939 315 1014 aliquo
353 935 611 1002 sedendi,
665 953 780 992 non
837 934 1042 993 merita
1090 934 1188 992 sed
1233 933 1572 1011 plerumque
1620 953 1746 992 sors
1780 932 2148 1008 ambitusque

118 1035 437 1112 promovet.

195 1136 348 1197 Olim
369 1134 521 1212 apud
554 1135 852 1194 Romanos
876 1158 902 1187 «
935 1133 1065 1209 lege
1101 1134 1379 1210 Pompeia
1405 1134 1739 1201 cavebatur,
1766 1151 1835 1190 ne
1867 1132 1999 1208 quis
2029 1150 2149 1189 ma-

117 1234 431 1311 gistratum
454 1237 703 1308 caperet,
741 1249 882 1288 neve
909 1230 968 1288 in
995 1237 1200 1288 senatu
1234 1236 1382 1287 esset
1414 1230 1582 1287 annis
1606 1229 1850 1305 triginta
1874 1228 2141 1286 minor...

120 1327 552 1389 consideranda
583 1333 710 1385 erat
727 1325 983 1402 eligendi
1011 1324 1304 1393 nobilitaS,
1329 1325 1657 1402 prudentia,
1702 1324 1973 1391 fidelitas,
2004 1330 2149 1380 aetas

122 1431 477 1504 competente,
528 1423 887 1482 conscientia
937 1441 1070 1481 cum
1125 1422 1334 1480 mentis
1382 1422 1718 1499 integritate
1781 1419 2145 1497 provenienS,

118 1523 255 1582 item
282 1540 477 1580 rerum
509 1520 891 1597 experientia,
931 1506 1134 1577 adhaec
1174 1518 1433 1588 solertia,
1479 1517 1697 1594 ingenii
1734 1535 2000 1585 acumen,
2023 1516 2151 1594 jus-

118 1619 248 1679 titia
271 1624 330 1677 et
349 1635 576 1676 morum
597 1616 853 1693 probitas
879 1617 1136 1691 artisque
1160 1615 1389 1692 peritia.
1427 1639 1451 1666 »
1486 1615 1565 1692 (3)

200 1722 372 1801 Nunc
405 1739 526 1798 prae
559 1719 826 1778 omnibus
851 1719 1003 1778 bona
1026 1725 1082 1777 et
1106 1719 1373 1777 fortunae.

199 1827 352 1885 Dum
378 1824 546 1883 multi
581 1824 687 1881 viri
719 1845 746 1878 ‹<
784 1823 956 1900 gnari
990 1823 1209 1900 praxis,
1230 1822 1302 1879 ad
1328 1822 1632 1880 verborum
1658 1820 1994 1897 linguaeque
2025 1838 2150 1879 cer-

118 1923 340 1982 tamina
396 1922 630 1979 minime
678 1921 872 1988 rudeS‚
917 1918 1117 1979 callidi
1181 1918 1533 1995 solertesque
1582 1918 1758 1995 juriS,
1815 1926 1987 1995 atque
2034 1916 2151 1976 elo-

122 2018 374 2096 quentiae
405 2017 680 2087 consulti,
732 2017 941 2093 quibus
975 2016 1166 2074 obstat
1184 2016 1265 2073 rei
1291 2014 1596 2072 familiaris
1622 2014 1918 2090 exiguitas
1973 2037 1999 2066 »
2033 2016 2147 2086 (4),

124 2121 415 2183 arcentur,
444 2115 545 2191 jus
593 2119 862 2171 exercent
894 2113 1094 2189 inepti,
1122 2137 1147 2165 «
1185 2111 1350 2188 pueri
1384 2116 1485 2169 aut
1523 2110 1737 2168 indocti
1773 2109 1871 2186 qui
1898 2109 2148 2168 aliorum

122 2211 382 2270 consiliis
423 2209 714 2269 confidere
754 2209 983 2278 debent,
1019 2222 1076 2266 et
1101 2227 1358 2276 causam,
1398 2208 1443 2264 si
1486 2207 1740 2266 obscura
1782 2206 1858 2264 sit
1890 2214 1993 2263 aut
2025 2207 2147 2276 fiat,

119 2307 554 2385 impertiuntur.
583 2328 608 2356 »
647 2329 672 2358 «
706 2303 1038 2380 Aliquando
1065 2304 1175 2362 erit
1199 2303 1350 2379 quod
1381 2303 1588 2361 Romae
1609 2302 1775 2360 initio
1796 2301 2153 2378 principatus

123 2403 498 2480 Imperatoris
515 2400 743 2460 Claudii
773 2401 962 2459 visum
988 2406 1095 2469 est,
1120 2399 1388 2457 videlicet
1405 2399 1506 2475 jus
1530 2398 1788 2457 civitatis
1809 2417 1989 2474 usque
2009 2397 2151 2455 adeo

125 2498 262 2570 vile,
292 2505 354 2559 ut
374 2516 573 2558 rumor
591 2503 728 2555 tunc
752 2497 1123 2565 increbuerit,
1148 2514 1315 2572 posse
1333 2495 1390 2552 id
1419 2494 1507 2554 vel
1536 2495 1855 2554 vitreorum
1884 2512 2154 2553 vasorum

169 2767 224 2811 (1)
247 2766 367 2804 Low
390 2766 493 2803 abr.
518 2773 557 2811 p.
576 2765 652 2802 315.

166 2833 223 2881 (2)
239 2833 302 2870 lb.
328 2841 367 2879 p.
390 2833 455 2870 256
485 2841 494 2869 :
525 2832 557 2869 ll
575 2831 712 2868 seroit
739 2831 792 2868 de
810 2831 1052 2876 expediant
1068 2832 1111 2867 et
1139 2837 1396 2873 necessaire.
1414 2837 1533 2875 quoy
1554 2837 1639 2875 que
1657 2829 1728 2866 lon
1751 2829 1822 2865 die
1839 2836 1895 2865 au
1917 2828 2154 2870 contraire.

123 2901 208 2940 que
232 2893 296 2930 les
315 2891 628 2937 jurisdictions
649 2891 865 2935 pedaneos
886 2893 929 2927 et
953 2890 1232 2926 subalternes
1251 2890 1428 2926 fussent
1451 2897 1660 2925 exereees
1676 2897 1724 2925 es
1743 2888 1868 2925 villes
1881 2888 2035 2931 610565,
2054 2894 2154 2932 pro-

124 2952 307 2989 chaines
324 2951 455 2988 d’une
468 2951 666 2995 journree,
687 2950 740 2987 de
754 2949 1030 2986 l'liabltation
1051 2949 1129 2985 des
1147 2948 1409 2985 laboureurs
1425 2951 1469 2984 et
1484 2950 1650 2990 autres,
1667 2950 1710 2984 et
1726 2956 1810 2993 que
1829 2937 2036 2991 les'juges
2054 2945 2156 2982 clia·

126 3011 303 3048 tellains
319 3018 377 3047 ou
405 3010 526 3047 leurs
547 3010 798 3046 lieutenans
825 3009 1001 3045 fussent
1023 3011 1123 3044 tous
1148 3007 1361 3043 aracluez.
1394 3008 1477 3044 Car
1504 3009 1631 3045 outre
1655 3015 1704 3043 ce
1728 3015 1812 3052 que
1847 3007 1889 3043 la
1912 3006 2076 3050 justice
2099 3012 2151 3040 en

126 3069 264 3107 seroit
283 3069 384 3114 plus
399 3068 593 3105 honoree
610 3071 654 3105 et
672 3068 886 3109 illustree,
912 3068 974 3103 les
995 3074 1145 3111 proces
1167 3066 1358 3102 seroient
1374 3066 1495 3102 aussi
1524 3067 1674 3102 mieux
1696 3066 1903 3103 instruits
1926 3067 1969 3101 et
1986 3064 2152 3101 fermez

126 3136 179 3164 en
232 3127 377 3164 moins
414 3127 468 3164 de
487 3129 644 3172 temps,
685 3126 748 3163 les
771 3126 972 3163 incidens
990 3126 1123 3170 Jugez
1149 3133 1228 3161 sur
1261 3125 1299 3161 le
1315 3125 1490 3169 cllamp,
1510 3133 1615 3161 sans
1645 3127 1799 3161 contre
1828 3125 2162 3171 l’ordonnanee.

125 3193 299 3223 comme
317 3186 348 3223 il
365 3186 548 3223 advient
581 3186 621 3222 16
646 3186 746 3231 plus
771 3187 974 3225 souvent,
995 3193 1073 3229 par
1101 3185 1382 3227 l'ignorance,
1411 3184 1565 3221 mallee
1584 3184 1826 3220 ouavarice
1843 3184 1896 3221 de
1917 3185 2153 3222 1611651161·-

127 3253 247 3291 pyes,
266 3245 501 3291 appointer
517 3246 580 3282 165
605 3245 770 3290 parties
788 3254 840 3281 en
861 3244 993 3286 droit,
1018 3246 1062 3280 et
1087 3243 1275 3288 prendre
1291 3246 1449 3280 autant
1465 3243 1677 3287 d·espices
1695 3236 2045 3288 pourl·incident
2067 3237 2151 3290 vqul

125 3313 171 3341 se
189 3304 642 3350 presente,d’espieeS‚
662 3304 812 3347 dis-je,
830 3304 905 3350 qui
927 3312 972 3340 se
987 3303 1177 3349 payemt)
1194 3310 1307 3347 pour
1324 3303 1365 3338 la
1383 3302 1524 3339 vision
1547 3302 1626 3339 (les
1644 3303 1797 3347 pieees,
1817 3311 1900 3348 que
1915 3303 2000 3339 l'on
2021 3304 2154 3341 feroit

128 3363 384 3408 pourjuger
400 3363 631 3400 l'instance
656 3363 898 3408 principale
920 3364 963 3399 et
986 3362 1040 3398 de
1068 3363 1188 3406 poix.
1223 3362 1302 3397 Les
1318 3370 1509 3406 pauvres
1533 3370 1642 3404 gens
1673 3364 1812 3406 ayant
1831 3362 1952 3398 leurs
1977 3363 2154 3400 affair-es

127 3425 149 3459 o
169 3421 404 3458 ‹lesmeller
424 3430 476 3458 en
498 3430 584 3458 une
611 3422 725 3464 ville,
740 3430 818 3466 par
831 3421 995 3458 devant
1014 3430 1070 3457 un
1093 3422 1199 3464 juge
1217 3421 1409 3466 qualine,
1432 3423 1639 3465 seroyent
1654 3421 1807 3458 mieux
1829 3422 1983 3462 servis,
1996 3422 2152 3459 traitez

126 3483 172 3518 et
202 3480 414 3526 expediez
436 3482 539 3526 plus
557 3483 884 3526 prompiement
907 3482 951 3517 et
977 3482 1198 3524 peut-eim
1228 3489 1254 3515 a
1279 3480 1508 3524 beaucoup
1544 3480 1769 3517 moindres
1801 3481 1911 3517 rrais
1934 3484 2154 3526 auroyent

127 3538 206 3575 ‹les'
224 3539 434 3576 docteurs
457 3542 500 3575 et
520 3540 745 3582 advocate,
770 3540 980 3584 ausquels
1001 3542 1275 3584 pourroyent
1306 3539 1506 3577 recourir
1532 3547 1644 3587 pour
1674 3539 1801 3576 avoir
1826 3543 2154 3590 prompiement

127 3598 294 3635 conseil
317 3600 361 3634 et
381 3598 571 3635 remede.

173 3663 228 3707 (3)
244 3663 361 3700 Losa:
379 3664 480 3700 abr.
504 3673 548 3709 p.
578 3666 657 3701 217.

168 3730 222 3779 (⁴)
243 3730 362 3772 Loioe
379 3731 482 3767 abr.
513 3738 614 3780 pag.
645 3732 675 3767 7.
697 3731 766 3768 Cr.
796 3732 961 3768 31-1-315.
