2508 4212
979 648 1404 708 PRAEFATIO

561 1211 688 1256 Tout
708 1211 972 1269 Jugement
997 1211 1059 1256 de
1083 1213 1214 1256 cette
1240 1211 1431 1256 infinite

559 1284 636 1330 Ou
659 1288 774 1330 tous
801 1289 1042 1341 concepts
1067 1298 1123 1331 se
1149 1288 1383 1331 trouvent
1407 1285 1660 1342 superssus

558 1360 624 1405 Et·
646 1362 755 1405 tout
780 1360 901 1416 aigu
923 1360 985 1403 de
1011 1361 1320 1416 perspicuite

556 1434 630 1479 Ne
656 1434 1165 1492 pourraientjoindre
1191 1447 1253 1478 au
1280 1438 1499 1479 sommet
1524 1435 1586 1479 de
1610 1447 1701 1479 son
1723 1435 1854 1490 plus.

643 1506 744 1552 Car
764 1508 1047 1553 seulement
1072 1509 1356 1564 l’apparent
1380 1509 1448 1553 du
1469 1510 1677 1564 surptus

560 1582 814 1627 Premiere
841 1583 987 1638 neige
1011 1595 1073 1626 en
1096 1595 1190 1627 son
1216 1584 1365 1627 blanc
1390 1584 1706 1636 souveraine‚

557 1656 637 1700 Au
664 1668 759 1711 pur
783 1656 874 1701 des
902 1657 1069 1700 mains
1084 1657 1440 1702 delicatement
1465 1657 1627 1710 satine,

565 1729 856 1775 Ahontirait
882 1730 928 1774 le
955 1742 1022 1774 nu
1056 1731 1118 1774 de
1143 1730 1414 1784 Bersabee,

564 1803 626 1847 Et
652 1803 697 1847 le
721 1803 943 1861 flagrant
968 1804 1030 1848 de
1056 1816 1116 1848 sa
1135 1816 1293 1849 suave
1320 1805 1519 1848 haleine

559 1879 855 1944 Apourirait
881 1879 1159 1925 l’odorante
1184 1880 1367 1926 Sabec.

250 2002 421 2074 Cujus
447 2005 558 2060 sint
578 2005 632 2059 hi
656 2021 844 2061 versus
865 2005 1250 2076 interrogatus,
1277 2006 1504 2062 forsitan
1526 2007 1592 2061 ad
1618 2007 1731 2062 haec
1752 2014 1940 2063 nostra
1959 2012 2210 2077 tempora

179 2097 230 2146 te
260 2098 456 2157 vertas,
497 2093 814 2164 dubiusque
858 2095 996 2150 inter
1049 2093 1170 2150 iilos
1209 2096 1437 2159 haereaS,
1482 2097 1577 2166 qui
1631 2096 1853 2150 nomine
1908 2097 2049 2165 ipso,
2096 2111 2207 2166 quo

178 2181 380 2235 sectam
425 2190 900 2251 nuncupaverunt,
946 2199 1064 2239 sese
1106 2199 1136 2237 a
1184 2184 1463 2238 communi
1511 2199 1637 2246 usu,
1684 2198 1748 2238 ne
1779 2184 1959 2239 dicain
2018 2200 2206 2258 sensu,

177 2267 452 2324 decidisse
495 2272 730 2344 professi
779 2278 924 2336 sunt,
979 2287 1084 2326 non
1129 2278 1254 2327 vero
1297 2273 1395 2327 tibi
1439 2278 1724 2327 succurrat
1764 2278 2045 2328 auctorem
2086 2288 2208 2329 esse

179 2353 410 2422 Saeva1n‚
464 2359 696 2415 veterem
745 2358 899 2414 iilum
948 2362 1361 2431 obscurumque
1408 2369 1645 2430 poetam,
1690 2362 1850 2431 cujus
1882 2377 2043 2416 nenio
2095 2362 2207 2417 sere

179 2444 447 2511 meminit,
497 2462 674 2517 neque
721 2449 899 2513 facite,
946 2449 1128 2515 credo,
1177 2450 1273 2504 tibi
1327 2450 1661 2519 persuadeas
1711 2450 1813 2504 hoc
1864 2464 2085 2504 carmen
2138 2450 2207 2505 ab

178 2539 337 2590 aetate
364 2550 484 2591 esse
507 2537 834 2604 profectum,
864 2553 971 2608 qua
992 2539 1184 2593 titterze
1208 2539 1293 2592 vix
1319 2536 1727 2603 adolescebant,
1759 2537 1963 2593 nedum
1986 2539 2208 2594 inclina-

181 2629 392 2685 rentur.
422 2622 502 2678 lta
532 2631 711 2681 tamen
747 2642 804 2681 se
834 2642 921 2682 res
950 2627 1128 2682 habet.

255 2709 406 2769 Nihil
447 2727 571 2769 vero
599 2730 630 2769 a
662 2730 748 2770 me
793 2716 1112 2770 inservitum
1145 2716 1408 2786 temporis
1449 2730 1637 2786 causa,
1676 2730 1800 2770 cum
1843 2714 1913 2770 de
1955 2714 2207 2771 obscuris

182 2799 354 2870 ignoti
384 2802 482 2856 viri
511 2804 762 2859 versibus
791 2803 934 2859 hunc
963 2805 1209 2858 libellum
1237 2805 1595 2860 commentari
1625 2805 1787 2873 coepi.

254 2887 368 2944 Nec
393 2905 586 2946 rursus
617 2891 733 2947 sola
773 2894 947 2948 suasit
990 2893 1193 2962 cupido
1235 2892 1690 2962 inquirendarum
1732 2894 1913 2960 urbiS,
1957 2907 2079 2963 quae
2121 2907 2207 2948 me

180 2981 439 3046 tanquam
467 2976 639 3034 altera
667 2980 844 3049 patria
869 2982 1104 3051 excepit,
1133 2981 1431 3051 originum.

254 3064 360 3121 Sed
389 3082 514 3122 cum
541 3083 662 3122 eain
694 3070 998 3137 praesertiin
1031 3075 1245 3124 aetatem
1301 3067 1607 3124 litterarum
1660 3070 1966 3141 linguaeque
2005 3074 2205 3124 nostrae

181 3154 469 3223 ampiexus
512 3156 637 3218 sim,>
671 3171 791 3226 quae
818 3173 847 3211 a
876 3158 1068 3226 primis
1094 3158 1255 3212 annis
1283 3158 1468 3212 saecuti
1510 3155 1684 3211 XV1¹¹¹¹
1724 3157 1810 3212 ad‘
1835 3156 2204 3212 Malherbium

182 3243 443 3315 pertinet,
487 3244 693 3300 credidi
743 3261 826 3300 me
882 3246 1100 3300 illorum
1144 3252 1455 3317 temporum
1506 3245 1750 3301 historia}
1795 3261 1900 3300 non
1957 3244 2205 3301 inutilem

184 3331 372 3386 silvani
425 3333 616 3388 afferre
678 3348 858 3398 posse,
906 3335 1058 3389 novis
1109 3334 1384 3389 vocabulis
1435 3335 1702 3404 novisque
1751 3332 1939 3389 ferinis
1986 3331 2207 3389 dicendi

183 3421 600 3492 collectiS,quas
622 3423 820 3478 frustra
839 3423 981 3492 apud
1005 3424 1143 3479 aiios
1172 3425 1439 3494 requiras
1465 3424 1642 3478 Pauca
1668 3430 1795 3478 sunt
1816 3438 1936 3493 quae
1964 3423 2205 3488 afferant),

182 3510 321 3565 atter
351 3511 584 3567 fortasse
608 3513 676 3567 de
695 3512 888 3567 ceteris
908 3514 1139 3567 curabit.

185 3638 189 3642 -
256 3597 374 3653 lam
412 3614 536 3655 vero
565 3615 628 3655 ex
673 3602 898 3669 parvulo
940 3602 1040 3656 boc
1082 3617 1248 3670 opere
1275 3601 1488 3655 videbis
1516 3602 1705 3671 quanti
1753 3598 1966 3655 intersit
1994 3606 2205 3670 poetaS,

181 3701 322 3757 quos
386 3685 785 3760 Lugdunenses
843 3690 1121 3759 appellare
1186 3688 1314 3744 inihi
1367 3690 1548 3761 liceat,
1596 3702 1951 3762 cognoscere,
1999 3688 2206 3759 quibus
