2508 4212
1073 681 1304 733 CAPUT
1346 682 1391 731 II

560 969 783 1028 'QUANTI
816 981 1037 1022 VERSUS
1071 981 1355 1023 BUGNONII
1390 984 1732 1023 AESTIMANDI
1762 983 1890 1024 SINT

290 1216 503 1283 Quanti
562 1214 808 1275 Amores
883 1214 1073 1274 facere
1142 1213 1391 1284 deceret,
1463 1217 1809 1294 Bugnonius
1884 1217 2035 1295 ipse,
2111 1234 2244 1274 raro

165 1372 167 1374 ,
210 1312 564 1374 humilitatis
603 1331 705 1390 pro
746 1310 907 1386 illius
947 1310 1147 1370 saeculi
1196 1313 1458 1372 moribus
1500 1312 1786 1391 exemp10,
1826 1313 2070 1384 monuit,
2109 1331 2244 1371 nam

211 1409 346 1470 licet
390 1415 648 1488 posteros
692 1426 808 1466 non
871 1407 1046 1466 semel
1105 1410 1447 1485 respexerit,
1498 1417 1555 1468 et
1599 1409 1668 1468 de
1716 1417 1935 1468 aeterno
1984 1415 2245 1486 tempore

209 1505 438 1576 locutus
461 1506 558 1577 sit,
579 1511 771 1577 tamen
793 1502 895 1563 illo
912 1516 1109 1563 amore
1125 1511 1389 1582 patern0,
1413 1525 1526 1582 quo
1547 1506 1886 1583 scriptorem
1905 1505 2240 1582 quemlibet,

212 1583 507 1682 praecipue
553 1620 688 1660 vero
737 1606 965 1678 poetam
1014 1601 1201 1678 decipi
1246 1602 1434 1673 aiunt,
1471 1603 1711 1661 minime
1758 1603 2084 1661 obcaecatus
2131 1608 2240 1672 est,

209 1700 515 1778 siquidem
540 1698 634 1757 his
669 1698 891 1756 moestis
927 1699 1191 1757 versibus
1233 1700 1434 1758 credas
1468 1701 1676 1776 quibus
1717 1719 1863 1777 opus
1905 1717 2075 1758 omne
2109 1718 2242 1757 con·

214 1796 373 1857 cludi
396 1795 585 1856 voluit
622 1814 634 1855 :

507 1921 715 1973 Sais-tu
740 1923 941 1983 Muret,
970 1922 1062 1988 qui
1089 1926 1198 1973 tost
1224 1922 1339 1974 fera
1368 1923 1542 1973 morir

508 2002 581 2054 Ce
608 2002 757 2053 mien
782 2006 978 2067 poeme
1006 2017 1330 2064 amoureux,
1360 2008 1413 2054 et
1435 2004 1588 2055 ssorir

510 2084 586 2133 Le
614 2084 723 2134 tien
747 2098 881 2134 sans
907 2085 1018 2135 fin‘?
1044 2084 1178 2135 c’est
1205 2085 1256 2135 le
1281 2089 1424 2135 tems
1454 2101 1463 2134 :
1490 2088 1661 2151 quant
1680 2099 1751 2136 au
1779 2086 1949 2147 mien‚

510 2167 554 2217 ΙΙ
581 2181 649 2217 ne
679 2181 764 2218 me
792 2168 980 2232 chault
1005 2167 1133 2232 qu’il
1162 2168 1297 2218 dure
1326 2183 1393 2217 un
1419 2168 1561 2232 jour,
1591 2183 1829 2233 pout-vn,

510 2249 625 2309 Que
651 2262 745 2298 ma
770 2248 968 2299 Riante
995 2250 1027 2298 ἐι
1054 2263 1157 2299 son
1186 2249 1303 2298 aise
1332 2248 1444 2299 l’ait
1472 2264 1559 2309 vu,

511 2331 590 2380 Ta
617 2330 895 2394 Margaris
922 2343 1232 2394 perennera
1260 2330 1311 2380 le
1336 2331 1448 2380 tien
1473 2329 1624 2395 (En,
1649 2332 1858 2393 CXIIII,
1888 2348 1948 2397 p.
1983 2331 2116 2396 101).

292 2441 452 2500 Bene
491 2439 673 2518 igitur
697 2454 782 2500 est
817 2442 865 2500 si
892 2442 1221 2519 opinionem
1255 2448 1442 2519 poetae
1469 2461 1682 2520 susque
1702 2443 1886 2527 deque
1924 2444 2152 2513 habuit,
2189 2450 2248 2503 et

212 2536 407 2596 laudis
447 2556 606 2615 spem
646 2538 859 2615 abjecit
871 2556 886 2610 3
918 2557 1022 2597 nec
1062 2538 1227 2596 nobis
1268 2539 1326 2596 in
1361 2538 1556 2597 animo
1588 2546 1675 2598 est
1707 2541 1915 2599 merita
1943 2541 2244 2600 vindicare

213 2652 345 2712 quae
369 2634 514 2712 ipse,
543 2633 961 2693 imbecillitatis
988 2653 1113 2693 suae
1139 2635 1392 2711 optimus
1409 2634 1616 2711 judex,
1647 2636 1755 2693 sibi
1784 2637 2045 2713 negavit.

291 2730 327 2788 J
335 2749 435 2789 ure
459 2726 690 2807 quidem
732 2749 941 2788 nomen
983 2731 1172 2807 ipsum
1200 2730 1479 2788 Amorum
1515 2737 1659 2789 aetas
1692 2731 1967 2800 abolevit,
1997 2729 2242 2809 quorum

210 2825 456 2886 forsitan
498 2825 790 2885 interdum
834 2845 1065 2885 versum
1113 2825 1376 2895 laudare,
1429 2827 1694 2885 carmina
1743 2846 1877 2887 vero
1924 2827 2145 2905 aliquot
2184 2828 2243 2886 in

213 2920 400 2982 lucem
426 2921 618 2990 edere,
649 2922 761 2980 nisi
786 2922 1043 2981 omnium
1079 2923 1274 2992 taedio,
1306 2923 1543 2982 audeaS.

291 3017 424 3078 Non
473 3018 623 3094 quod
671 3018 870 3076 omnia
923 3018 1169 3095 pessime
1224 3018 1484 3095 cogitata
1529 3018 1858 3097 scriptaque
1905 3039 2032 3080 esse
2089 3026 2244 3080 recte

211 3119 400 3192 putes.
430 3114 540 3180 Qui
567 3114 724 3173 hunc
749 3133 981 3174 versum
1007 3114 1286 3184 condidit,
1325 3116 1415 3193 cuj
1427 3134 1493 3173 us
1516 3115 1864 3175 Bossuetum
1886 3116 1960 3196 ‚in
1987 3116 2245 3176 celeber·

214 3210 362 3270 rimo
387 3209 514 3268 loco
538 3210 874 3269 meminisse
907 3211 1066 3268 dicas
1099 3228 1110 3268 :

380 3334 456 3385 Ils
478 3333 751 3385 fletriront
776 3347 911 3385 sans
949 3332 1116 3385 fruict
1145 3347 1362 3385 comme
1390 3333 1601 3388 l'herhe
1638 3335 1740 3387 des
1772 3336 2003 3402 champs

1661 3431 1826 3495 (Son.
1855 3432 2047 3496 dorez)

216 3567 331 3608 non
374 3548 559 3626 potuit
607 3548 798 3607 facere
841 3548 1003 3625 quin,
1048 3549 1184 3607 dum
1227 3548 1413 3608 multa
1458 3554 1727 3618 tentaret,
1768 3550 1951 3611 multa
1996 3557 2239 3622 erraret,

212 3645 504 3705 interdum
550 3645 831 3704 incideret
873 3646 931 3702 in
993 3638 1347 3734 felicitatem.
1385 3646 1615 3704 Etenim
1672 3654 1735 3706 ut
1771 3647 1920 3707 nihil
1956 3654 2042 3708 est
2083 3647 2243 3730 apud

214 3746 478 3802 nostrum
502 3740 856 3812 absolutum,
885 3741 967 3800 sic
993 3740 1440 3818 aliquammulta
1466 3761 1578 3802 non
1599 3743 1929 3806 invenusta.
