2508 4212
1035 365 1084 372 -
1128 338 1225 388 135
1263 366 1327 406 ,-

150 469 334 547 ipsius
366 466 806 544 francogallicae
832 467 1053 545 linguae
1077 476 1348 528 naturam
1385 474 1746 545 peccaretur,
1770 468 1897 544 jam
1923 468 2178 544 aequales

150 563 583 624 intellexeruut.

228 661 362 719 Non
412 677 643 737 possum
687 659 840 716 enim
865 659 1057 719 facere
1091 661 1230 736 quin
1256 662 1516 738 suspicer
1547 661 1917 719 Ronsardum
1950 666 2175 719 nostro-

150 776 279 817 rum
312 758 592 825 carmina,
636 774 767 832 quae
796 755 1141 833 perlegerat,
1173 759 1494 834 respexisse
1526 777 1657 816 cum
1698 757 1823 816 haec
1856 758 2130 816 scriberet
2161 776 2172 816 :

157 878 184 908 «
229 853 320 912 Tu
362 851 712 911 n'oublieras
741 851 960 927 jamais
985 853 1067 910 les
1092 853 1321 911 articles
1346 861 1402 912 et
1426 854 1685 912 tiendras
1714 872 1858 929 pour
1899 859 2025 912 tout
2058 873 2180 912 cer-

107 946 113 951 ’
150 951 285 1031 tain·
306 968 415 1026 que
455 950 577 1007 rien
619 967 690 1006 ne
720 956 856 1024 peut
888 954 1013 1006 tant
1044 948 1337 1026 defigurer
1377 956 1475 1008 ton
1508 968 1636 1007 vers
1679 969 1790 1026 que
1832 949 1914 1007 les
1947 948 2181 1008 articles

149 1044 452 1119 delaisse23
493 1049 698 1112 autaut
735 1062 806 1101 en
831 1044 990 1102 est-il
1033 1045 1133 1103 des
1175 1064 1340 1104 noms
1374 1045 1648 1122 primitiis
1689 1064 1911 1104 comme
1936 1049 2032 1119 je,
2085 1050 2176 1114 tu,

151 1160 262 1229 que
286 1147 350 1200 tu
380 1139 740 1199 n'oublieras-
768 1159 879 1196 non
922 1140 1073 1216 pluS,
1113 1141 1160 1199 si
1185 1148 1247 1200 tu
1281 1161 1429 1200 veux
1463 1160 1573 1218 que
1611 1148 1698 1199 tes
1731 1160 1955 1199 carmes
1996 1142 2184 1199 soient

153 1237 430 1316 parfaicts
464 1245 520 1295 et
551 1238 620 1296 de
645 1243 774 1294 tous
801 1237 1024 1312 poincts
1049 1238 1179 1295 bien
1206 1237 1518 1315 accomplis
1544 1237 1700 1315 (VII,
1731 1235 1896 1308 329).
1948 1259 1974 1287 υ

654 1543 707 1589 Ο.
748 1568 805 1578 ·-·
838 1542 934 1589 DE
973 1542 1359 1589 VERBORUM
1393 1542 1678 1590 ORDINE.

234 1752 398 1818 Quod
421 1752 548 1830 jam
582 1770 759 1827 supra
783 1752 926 1818 dixi,
960 1769 1072 1808 non
1104 1769 1255 1808 nova
1288 1752 1578 1809 invenisse
1621 1760 1846 1810 nostros
1896 1752 1996 1810 sed
2034 1770 2186 1811 nova

152 1848 388 1908 licentia
418 1855 586 1906 extra
630 1848 771 1926 fines
806 1853 1102 1923 provectos
1149 1866 1296 1915 esse,
1328 1845 1602 1905 libentius
1636 1854 1912 1923 repetam.
1947 1848 2185 1906 Scilicet

153 1964 267 2005 non
294 1945 335 2003 i·i
367 1952 502 2003 sunt
527 1963 772 2020 quorum
805 1944 1163 2019 compositiO,
1217 1944 1523 2002 sententiae
1551 1945 1718 2019 quasi
1763 1943 2001 2013 ancilla,
2031 1963 2180 2002 sein-

155 2060 256 2119 per
281 2046 434 2099 recte
465 2050 581 2108 eat,
620 2039 871 2097 molliter
912 2038 1144 2097 labatur
1170 2057 1238 2096 ac
1282 2057 1466 2114 prosae
1507 2058 1711 2115 parum
1746 2041 1822 2098 sit
1850 2039 2175 2098 dissimilis.

154 2138 277 2197 Into
308 2142 526 2195 ,contra
579 2135 751 2193 verba
799 2136 879 2192 ita‘
913 2136 1036 2192 loco
1071 2142 1295 2193 mutant
1332 2141 1393 2191 ut
1450 2136 1641 2210 magis
1697 2136 1956 2211 dispersa
2013 2154 2185 2211 quam

147 2235 356 2312 juncta
391 2231 720 2290 videantur.

811 2424 852 2480 1.
903 2458 983 2467 —
1038 2424 1235 2483 Verba
1264 2425 1547 2483 inversa.

245 2605 300 2664 1⁰
330 2607 744 2676 Nominativus
778 2607 1017 2666 verbum
1053 2607 1336 2684 sequitur,
1374 2608 1734 2684 praeponitur
1759 2608 2131 2667 accusativus
2175 2627 2186 2668 ε

539 2747 924 2795 Aucunement
947 2745 1084 2809 hayr
1110 2745 1164 2794 ni
1193 2744 1479 2808 dedagner

529 2827 606 2876 La
628 2826 859 2877 cruaute
885 2824 1182 2875 manifeste
1210 2829 1263 2876 et
1280 2830 1472 2890 aperte

524 2908 725 2959 Sienne
754 2919 955 2957 envers
980 2920 1109 2970 moy
1135 2919 1203 2956 ne
1232 2920 1319 2956 me
1344 2907 1526 2957 fei-ont
1553 2907 1632 2958 les
1660 2907 1822 2958 dieus
1847 2908 1981 2971 (LV,
2005 2923 2058 2973 p.
2079 2910 2190 2972 45).

241 3034 302 3093 2⁰
341 3034 516 3092 Praeit
566 3033 961 3110 participium,
1000 3034 1258 3109 sequitur
1296 3034 1911 3102 n01ninativu8,terti0
1947 3036 2186 3094 verbum

164 3132 402 3207 ponitur
436 3147 447 3188 ε
1108 3148 1110 3151 ·

522 3260 610 3308 Au
637 3258 763 3323 plus
788 3257 1026 3322 profond
1054 3257 1122 3308 de
1149 3272 1277 3307 mon
1315 3271 1466 3308 coeur
1493 3260 1833 3312 enchassees

522 3343 630 3391 Les
656 3354 854 3403 graces
880 3342 1007 3390 sont
1033 3339 1101 3389 de
1128 3353 1219 3388 ma
1244 3342 1394 3389 toute
1423 3340 1612 3391 divine
1637 3343 1855 3407 (XXVI,
1885 3359 1934 3408 p.
1974 3346 2089 3408 24).

879 3421 1021 3471 ,Mon
1052 3434 1221 3485 coeur,
1250 3434 1352 3483 par
1378 3421 1468 3485 qui
1492 3424 1675 3474 servie

278 3501 438 3555 ‘Celle
457 3505 541 3552 est
566 3500 818 3567 toujours
844 3501 937 3566 qui
965 3514 1237 3564 rengrege
1261 3515 1353 3551 ma
1378 3502 1542 3552 ssame
1572 3504 1712 3568 (XV,
1742 3520 1796 3569 p.
1830 3506 1930 3563 17).

245 3630 438 3707 Hujus
461 3629 691 3705 generis
722 3627 943 3704 figuras
970 3626 1066 3684 vix
1098 3632 1184 3685 est
1209 3627 1359 3702 quod
1398 3634 1582 3699 noteS,
1620 3649 1751 3706 quae
1783 3631 1936 3708 apud
1973 3637 2193 3690 ceteros

166 3725 327 3791 illius
352 3724 547 3784 aetatis
573 3729 769 3801 poetas
794 3723 1127 3799 frequenter
1158 3723 1345 3780 obviae
1369 3730 1525 3783 sunt.
