2508 4212
1168 329 1433 378 ..56-

276 461 423 534 lum,
454 463 769 521 Nicolaum
787 461 1040 531 Mellier,
1063 463 1235 538 Neryl
1257 462 1328 519 de
1351 462 1642 532 Torveon‚
1667 462 2032 531 Fornelium‚
2057 463 2314 522 Mande-

274 556 377 630 lot,
410 559 694 628 Lareher,
729 559 1036 616 Claudium
1063 558 1424 635 Ruby‘sium,
1459 559 1839 634 Verderium3
1877 561 2124 618 Lutetiae
2156 561 2316 618 Hos-

273 654 514 729 pitalem
566 656 841 731 primum,
881 654 1088 712 deinde
1135 654 1447 730 Biragum‚
1497 656 1816 714 Huraltum
1861 656 1932 714 de
1969 656 2299 735 Chevern-y,

271 757 448 816 Joan.
488 749 853 819 Guaesleum,
875 751 1269 820 Brissonium‚
1301 758 1358 808 et
1385 753 1431 808 si
1468 751 1599 828 quis
1626 751 1778 810 alius
1813 752 2066 810 valebat.

352 853 445 911 Ex
472 847 803 906 nominibus
828 845 945 903 illis
965 847 1090 924 jam
1117 848 1261 905 satis
1291 855 1556 929 apparet,
1585 848 1965 924 Bugnonium
1992 867 2192 908 eorum
2220 849 2341 926 qui

269 947 591 1024 dignitates
611 941 1004 1018 beneficiaque
1022 943 1082 1000 in
1097 961 1275 1000 manu
1299 943 1606 1011 haberent,
1631 944 1887 1002 favorem
1910 951 2013 1002 aut
2036 944 2317 1003 demereri

252 1051 326 1103 et
375 1040 681 1117 aucupari,
735 1047 837 1097 aut
886 1040 1239 1116 acquisitum
1296 1041 1356 1096 in
1413 1039 1537 1098 dies
1595 1059 1836 1116 augere,
1887 1041 2024 1099 lieet
2077 1060 2199 1118 prae
2245 1060 2310 1100 se

268 1142 563 1198 honorum
592 1142 982 1214 contemptum
1023 1138 1242 1213 saepius
1283 1135 1484 1195 tulerit
1511 1137 1620 1215 (l),
1651 1139 1808 1195 omni
1845 1137 2015 1196 modo
2032 1143 2312 1196 conatum

270 1256 417 1296 esse.
590 1306 614 1312 Ι,
761 1299 764 1303 ,

349 1332 615 1391 Tandem
640 1331 954 1401 somnium,
980 1331 1127 1407 quod
1156 1326 1405 1399 fortasse
1417 1331 1544 1408 jam
1571 1331 1681 1389 fori
1715 1331 2015 1391 laboribus
2054 1332 2318 1392 defessus

215 1431 218 1434 ’
265 1430 870 1505 somniarecoeperat,
900 1446 1104 1486 verum
1138 1428 1346 1486 evasit.

346 1528 552 1602 Neque
576 1532 773 1583 tamen
793 1525 935 1582 adeo
955 1524 1095 1582 felix
1121 1525 1232 1583 fuit
1250 1530 1314 1581 ut
1334 1524 1520 1601 primo
1546 1525 1766 1601 impetu
1785 1531 1999 1584 metam
2018 1531 2313 1602 tangeret.

346 1616 504 1682 Nam
531 1622 682 1698 quod
704 1622 762 1679 in
788 1622 1078 1690 versibus,
1103 1640 1246 1698 quos
1275 1640 1427 1679 anno
1450 1639 1810 1680 cloioLXXvu
1830 1621 2054 1680 tumulo
2085 1608 2322 1682 Macuti

264 1720 592 1797 Pomponii,
616 1719 904 1777 senatoris
918 1708 1312 1789 Divionensis‚
1338 1719 1655 1794 inscripsit,
1680 1737 1806 1776 sese
1828 1719 2019 1776 dicit«
2044 1738 2320 1796 procura-

264 1825 454 1876 torem
480 1817 636 1892 regis
662 1816 932 1877 Franciae
966 1815 1026 1872 in
1060 1815 1446 1873 limenarchia
1472 1827 1528 1872 et
1561 1815 1796 1872 doanna,
1820 1816 2214 1892 Lugdunensi
2261 1841 2316 1885 »,

265 1914 379 1972 ista
396 1913 574 1988 verba
593 1930 660 1972 60
679 1913 961 1990 majorem
979 1912 1349 1970 mirationem
1370 1931 1603 1969 necesse
1621 1920 1709 1969 est
1728 1911 1959 1979 afferre,
1978 1913 2128 1989 quod
2153 1932 2320 1971 nemo

268 2029 525 2087 unquam
551 2011 931 2086 Bugnonium
964 2010 1076 2067 hoc
1123 2009 1356 2066 nomine
1406 2008 1708 2079 salutavit,
1747 2028 1853 2067 1166
1878 2009 2002 2085 ipse
2037 2016 2238 2086 postea
2260 2030 2319 2069 se

263 2108 376 2167 hoc
432 2106 643 2165 munus
689 2109 944 2183 gessisse
1010 2105 1373 2164 memoravit.
1438 2106 1528 2163 Re
1592 2124 1753 2173 vera,
1822 2106 1976 2164 hune
2041 2107 2316 2166 honorem

265 2206 512 2263 fortasse
531 2205 803 2272 obtinuit,
836 2211 895 2262 at
915 2222 1030 2262 non
1051 2204 1257 2261 tenuit.
1280 2202 1641 2260 Crediderim
1666 2203 1933 2278 equidem
1960 2223 2091 2262 eum
2119 2223 2156 2262 a
2179 2224 2318 2280 rege
2399 2194 2403 2197 ⁵

267 2301 738 2377 litteras'quibus
788 2302 897 2359 hoc
938 2319 1176 2358 munere
1201 2305 1535 2366 ornaretur,
1596 2300 1980 2375 impetrasse..
2018 2301 2316 2359 Cavebant
2355 2311 2358 2315 ’

268 2417 404 2456 vero
444 2396 736 2466 eonsules,
783 2398 881 2474 qui
932 2397 1132 2474 paucis
1174 2402 1306 2453 ante
1348 2395 1518 2452 annis
1574 2395 1643 2452 de
1698 2414 1837 2471 rege
1892 2390 2009 2454 duo
2060 2396 2319 2456 millibus

271 2496 452 2554 scutis
495 2496 753 2578 portoria
801 2495 1225 2563 conduxerant,
1279 2493 1643 2569 pretiumque
1702 2493 2146 2569 magistratibus
2210 2514 2313 2572 pro

275 2599 440 2669 rapto
485 2593 556 2650 ab
591 2592 662 2650 iis
704 2611 943 2650 munere
999 2590 1315 2650 solverant.
1369 2589 1512 2647 Cum
1564 2590 1818 2666 primum
1864 2591 2194 2650 nuntiatum
2234 2598 2322 2651 est

251 2689 527 2765 ⁴aliquem
581 2708 616 2746 a
669 2707 807 2764 rege
842 2695 1278 2765 procuratorem
1327 2687 1543 2744 facturn
1589 2705 1736 2756 esse,
1765 2685 1928 2744 nulla
1969 2706 2156 2758 mora,
2191 2708 2311 2747 rem

274 2786 727 2862 inquisiverunt.
775 2787 1178 2862 Interrogatus
1219 2802 1350 2842 vero
1378 2786 1688 2860 praefectus
1729 2783 1786 2840 in
1819 2783 2202 2843 limenarehia
2243 2805 2316 2843 an

274 2884 343 2941 de
362 2883 474 2942 hac
491 2903 552 2942 re
571 2885 782 2945 certior
807 2883 994 2941 factus
1019 2888 1171 2941 esset
1194 2881 1488 2957 respondit
1514 2881 1623 2938 sibi
1653 2879 1844 2938 nullas
1877 2882 2074 2958 regias
2092 2881 2318 2941 litteras

269 2980 438 3038 datas
465 2999 609 3038 esse.
651 2981 748 3050 At,
775 2979 928 3056 quod
978 2979 1210 3055 quidem
1254 2977 1645 3055 suspicionem
1687 2977 1829 3034 facit
1869 2996 1999 3036 eum
2035 2979 2226 3056 reipsa
2261 2986 2317 3038 et

269 3077 494 3136 litteras
515 3077 726 3135 vidisse
752 3085 808 3135 et
832 3077 1145 3152 Bugnonio
1163 3076 1459 3134 conscium
1487 3075 1686 3142 fuisse,
1726 3093 1934 3132 nomen
1955 3075 2315 3152 responsioni

272 3173 635 3232 subscribere
667 3174 870 3251 jussus
910 3173 1170 3249 negavit.
1206 3172 1292 3250 (2)
1321 3171 1556 3229 Scabini
1580 3189 1736 3240 vere,
1766 3189 1866 3228 seu
1886 3171 2023 3247 quid
2051 3172 2103 3230 ei
2132 3171 2314 3230 diffisi

323 3355 379 3406 (1)
723 3355 810 3397 Les
840 3355 1040 3406 dignitez
1068 3356 1145 3407 qui
1168 3354 1360 3395 rendent
1390 3354 1521 3394 l'ame
1541 3365 1671 3394 serve

715 3423 826 3463 Sont
855 3434 971 3475 pour
991 3423 1124 3474 celuy
1154 3423 1231 3474 qui
1261 3424 1369 3463 veut
1398 3425 1567 3471 auti-ny
1597 3420 1817 3460 conduire

1479 3490 1630 3534 (Erat.
1664 3487 1755 3535 XC,
1781 3499 1826 3539 p.
1855 3486 1943 3537 81).

320 3575 377 3626 (2)
405 3576 462 3616 Le
495 3577 634 3630 jeudy
664 3579 912 3619 troiziesme
942 3579 995 3619 de
1025 3579 1254 3618 decembre
1284 3578 1368 3618 l'an
1411 3577 1489 3616 mil
1519 3577 1618 3627 cinq
1657 3588 1758 3615 cens
1795 3577 1995 3617 soixante
2020 3577 2134 3618 seize
2180 3589 2311 3629 apres

268 3643 405 3695 midy,
432 3656 484 3684 en
510 3644 683 3686 l'hostel
709 3660 915 3687 commun
941 3647 994 3688 de
1012 3647 1055 3687 la
1075 3646 1179 3687 ville
1204 3647 1257 3686 de
1282 3646 1418 3698 Lyon,
1441 3658 1467 3697 y
1492 3647 1633 3685 estant
1661 3644 1791 3684 noble
1818 3645 1986 3697 Georgo
2006 3645 2182 3686 Grolier
2190 3673 2305 3685 .....

267 3711 446 3750 consulz
474 3713 708 3753 ‹·se}10vins
727 3714 779 3754 de
804 3714 938 3755 ladite
962 3715 1086 3755 ville.

319 3776 488 3817 Lvsdits
515 3787 572 3816 ss·
598 3779 859 3826 Est-hovius,
886 3793 1028 3831 aynns
1071 3784 1160 3821 este
1197 3780 1406 3831 advertys
1435 3791 1521 3831 que
1552 3778 1792 3830 quelzques
1833 3791 1948 3830 ungs
1984 3781 2199 3831 auroyent
2237 3791 2308 3820 ees

262 3845 390 3896 jours
411 3856 564 3897 passez
589 3847 752 3888 olm-nu
801 3848 1014 3890 cvi-taines
1048 3848 1197 3890 lettres
1229 3847 1282 3888 de
1309 3846 1537 3899 provision
1565 3844 1728 3886 d‘ollice
1764 3844 1815 3885 de
1852 3857 2093 3897 procureur
2127 3845 2188 3886 du
2208 3846 2306 3898 Roy
