2508 4212
1103 348 1364 438 -45÷

213 496 275 554 in
300 495 488 554 Deum
512 505 728 572 peccet,
753 481 953 570 'potius
991 490 1166 560 lareS‚
1189 490 1431 567 jubente
1468 491 1850 561 conscientia,
1895 509 1964 551 ac
1995 476 2245 569 patriam

214 602 419 657 mutet.
451 598 537 671 (1)

295 693 407 753 Sed
426 710 559 751 cum
572 709 740 754 nemo
756 690 876 749 fere
893 689 1051 748 illius
1064 689 1211 766 legis
1230 708 1345 765 qua
1363 689 1570 747 civitas
1586 708 1827 767 quaeque
1845 711 2071 770 semper
2089 696 2248 754 stetit

216 786 825 864 recordaretur,quid
852 787 1002 844 inter
1058 793 1288 862 strages
1351 786 1771 862 strepitumque
1810 807 2126 862 armorum,
2190 793 2247 850 in

216 885 379 944 tanto
410 885 549 942 vitae
591 885 985 958 bonorumque
1032 882 1246 940 civium
1288 886 1345 939 et
1389 881 1574 957 ipsius
1599 882 1932 959 reipublicae
1966 886 2245 962 pericu10,

219 980 290 1040 de
341 979 570 1056 legibus
625 979 954 1051 moribusve
1023 978 1082 1034 in
1140 976 1346 1034 melius
1408 978 1699 1035 mutandis
1749 978 1893 1037 bene
1944 982 2252 1042 succedere

221 1074 488 1155 poterat?
944 1149 947 1151 ,

301 1171 493 1231 Multa
517 1175 708 1229 tamen
736 1169 881 1228 vitia
913 1168 1262 1245 corrigenda
1294 1176 1450 1236 sunt,
1482 1167 1668 1227 multa
1708 1170 1906 1247 inique
1938 1175 2257 1235 constituta
2296 1175 2299 1178 ’

221 1273 324 1327 aut
348 1285 528 1366 prave
566 1269 723 1324 facta
755 1264 1037 1332 tollenda,
1086 1283 1221 1323 nam
1275 1288 1301 1316 «
1347 1264 1552 1323 infelix
1585 1264 1866 1324 saeculum
1901 1267 2048 1327 alias
2089 1270 2268 1348 leges-

204 1369 394 1446 atque
418 1361 565 1421 alios
598 1381 786 1422 mores
813 1360 1073 1438 postulat
1099 1360 1210 1438 (2).
1249 1384 1275 1413 »

300 1460 464 1536 Ergo
504 1460 554 1517 si
607 1478 711 1518 rex
752 1459 930 1516 totius
970 1456 1172 1534 populi
1220 1455 1485 1533 querelas
1525 1457 1928 1537 desideriaque
1975 1463 2254 1522 exaudire

220 1554 383 1626 velit,
443 1573 675 1614 necesse
728 1560 830 1613 est¹
862 1554 1126 1624 advocet,
1188 1572 1346 1611 more
1412 1554 1723 1630 majorum,
1761 1557 2069 1616 concilium
2142 1579 2257 1637 quo

225 1652 391 1729 regia
438 1651 713 1728 maiestas
762 1650 1206 1727 imperiumque,
1252 1648 1410 1707 velut
1441 1650 1756 1720 columine,
1813 1673 2039 1731 semper
2101 1657 2260 1715 stetit

222 1747 632 1823 firmatumque
654 1753 760 1805 est.
795 1745 894 1804 Sic
920 1754 1143 1803 veteres
1169 1764 1302 1803 cum
1331 1744 1541 1821 populo
1565 1746 1635 1804 de
1675 1747 1848 1818 bello,
1875 1769 2037 1826 pace,
2069 1753 2259 1810 vecti·-

225 1842 571 1921 galibusque
587 1843 862 1919 agebant.
887 1842 974 1914 (3)
1003 1841 1171 1906 Quod
1190 1840 1238 1898 si
1258 1842 1508 1898 comitiis
1525 1844 1834 1903 convenire
1862 1845 2259 1923 frequentibus

229 1957 344 1998 non
393 1938 516 1998 sine
579 1937 941 1997 incommodo
987 1937 1242 1995 omnium
1306 1936 1529 1995 civibus
1578 1938 1772 2007 liceat,
1820 1942 2145 2017 praesertim
2199 1944 2258 2001 in

229 2035 436 2095 subitis
472 2040 573 2093 aut
610 2033 836 2093 levibus
876 2034 1068 2101 rebuS,
1094 2040 1357 2092 senatum
1400 2051 1503 2091 rex
1535 2034 1798 2093 consulat
1832 2046 2132 2114 rogetque,
2162 2039 2260 2116 qui

231 2131 291 2189 in
340 2135 605 2208 promptu
645 2135 752 2198 est,
798 2137 1108 2206 antequam
1143 2128 1331 2205 legem
1373 2136 1560 2187 ratam
1608 2149 1734 2188 esse
1772 2131 1998 2208 jubeat,
2051 2135 2262 2193 nedum

233 2232 427 2305 patres
470 2228 606 2304 jure
653 2226 894 2302 antiquo
939 2225 1278 2303 spolientur.
1323 2226 1499 2294 Nam,
1539 2235 1602 2284 ut
1642 2228 1725 2285 ait
1778 2228 1966 2298 Plato,
2012 2255 2038 2284 «
2088 2230 2266 2290 nullae

232 2307 368 2382 sunt
411 2331 587 2381 rectae
634 2321 795 2398 leges
857 2322 969 2379 nisi
1035 2321 1421 2379 communiter
1484 2322 1663 2380 totius
1747 2324 2004 2382 civitatis
2069 2327 2267 2401 gratia

234 2420 438 2498 positae
463 2422 548 2491 (4)
583 2442 635 2476 ».
668 2418 911 2476 Accidet
946 2418 1195 2476 fortasse
1246 2417 1535 2475 interdum
1585 2418 1737 2494 quod
1772 2420 1898 2496 jam
1940 2421 2175 2494 accidit,
2204 2430 2268 2481 ut

231 2522 468 2576 senatus
487 2514 700 2592 legem,
723 2516 897 2573 etiam
916 2513 1207 2572 communi
1231 2512 1466 2571 utilitati
1488 2517 2006 2589 accommodatam,
2029 2537 2267 2578 suarum

234 2614 596 2692 privatarum
629 2630 822 2670 rerum
850 2622 1136 2687 respectu,
1169 2629 1238 2668 ne
1265 2610 1583 2681 sanciatur,
1614 2619 1740 2681 aut,
1772 2618 1834 2670 ut
1866 2613 2088 2684 dicunt,
2115 2616 2269 2674 insi-

155 2738 157 2742 *
235 2715 469 2777 nuetur,
511 2714 758 2767 recuset.
800 2707 911 2765 Sed
954 2707 1026 2775 si,
1096 2706 1431 2783 priusquam
1485 2706 1729 2778 feratur,
1774 2707 1866 2766 lex
1899 2710 2273 2787 promulgata

281 2862 336 2911 (1)
358 2877 373 2895 ·
403 2863 434 2900 11
461 2862 576 2900 fault
592 2860 732 2906 obeyr
748 2860 795 2897 es
809 2860 904 2898 loix
921 2860 999 2898 des
1020 2860 1215 2897 princes.
1242 2860 1327 2895 Car
1350 2861 1470 2896 toute
1493 2850 1592 2895 arne
1623 2862 1690 2896 est
1720 2860 1921 2905 subjecte
1937 2863 1961 2899 a
1981 2863 2023 2899 la
2040 2863 2275 2908 puissance

241 2922 320 2961 des
336 2922 604 2967 superieurs.
629 2921 682 2957 Et
698 2929 749 2957 ne
764 2919 886 2957 vient
902 2927 1076 2956 aucune
1096 2918 1327 2964 puissance
1343 2918 1655 2963 supervivente
1669 2927 1754 2964 que
1775 2920 1828 2957 de
1841 2921 1978 2958 Dieu..
1992 2949 2001 2957 .
2020 2922 2277 2970 Quiconque

243 2981 359 3020 donc
379 2979 534 3018 resiste
554 2988 646 3017 aux
672 2979 777 3017 Rois
807 2981 851 3016 et
885 2979 1153 3022 magistrats.
1173 2978 1210 3032 11δ
1225 2977 1381 3013 resiste
1403 2979 1426 3014 a
1454 2977 1765 3016 l'ordounance
1789 2981 1833 3016 et
1866 2981 2044 3018 volonte
2069 2982 2123 3018 de
2151 2982 2277 3027 Uien,

241 3048 418 3078 comme
454 3040 620 3085 escript
651 3039 803 3076 Sainct
845 3038 952 3075 Paul
991 3044 1083 3074 aux
1125 3036 1349 3078 Romaim,
1395 3036 1600 3073 tresieme
1632 3036 1832 3083 chapitre
1859 3064 1885 3075 ..
1930 3040 2044 3085 Cecy
2085 3042 2187 3079 sont
2213 3042 2278 3078 les

250 3107 432 3146 propres
458 3100 575 3135 mots
598 3098 651 3135 de
671 3097 901 3142 l'apologie
921 3096 975 3133 de
998 3096 1181 3132 maistre
1196 3095 1375 3132 Charles
1392 3094 1452 3132 du
1475 3095 1658 3138 Moulin,
1687 3098 1839 3133 contre
1861 3106 1919 3134 un
1946 3099 2077 3135 livi-et
2101 3099 2278 3139 intitul&

243 3156 294 3196 la
311 3155 496 3202 defense
527 3155 662 3194 civile
691 3157 735 3193 et
770 3155 1000 3192 militaire
1038 3154 1116 3191 des
1157 3155 1368 3190 innocens
1405 3154 1459 3190 de
1488 3152 1669 3198 l’quise
1692 3155 1746 3191 de
1780 3156 1914 3192 Jesus
1938 3156 2107 3199 Chr-ist,
2145 3166 2199 3195 en
2236 3159 2277 3196 la

245 3217 415 3255 section
437 3216 658 3255 seizieme‚
674 3223 759 3261 que
776 3214 813 3251 si
839 3214 894 3251 (18
920 3214 1029 3251 faict
1050 3214 1079 3251 11
1098 3212 1307 3249 advenoit
1326 3221 1411 3257 que
1434 3213 1471 3248 le
1491 3213 1585 3257 Roy
1609 3214 1920 3252 commandast
1937 3216 2125 3262 quelque
2145 3219 2278 3255 chose

244 3277 399 3314 contre
427 3275 552 3318 meu,
569 3282 627 3311 ou
654 3275 807 3311 contre
845 3273 888 3310 la
904 3273 1068 3318 parone
1107 3272 1304 3315 tl’iceluy.
1323 3272 1448 3315 qu'en
1476 3279 1526 3308 ce
1549 3279 1638 3315 caS,
1674 3281 1727 3309 ne
1749 3273 1948 3311 faudroit
1968 3283 2045 3319 pas
2056 3275 2197 3321 obeyr
2219 3285 2276 3313 au

247 3336 364 3381 noy:
386 3334 496 3371 mais
513 3334 634 3371 aussi
663 3342 716 3370 ne
748 3333 827 3377 luy
855 3332 1056 3370 faudroit
1075 3332 1103 3368 il
1139 3339 1216 3388 pas
1260 3331 1437 3367 resistet
1460 3338 1538 3375 par
1567 3339 1728 3372 armes.
1756 3332 1855 3368 ains
1881 3333 2081 3382 saudroit
2113 3335 2281 3379 plutost

247 3393 432 3436 mourir‚
459 3401 517 3430 ou
544 3401 590 3429 se
607 3392 764 3429 retiret·
788 3390 842 3428 de
862 3398 942 3428 son
960 3390 1218 3427 obeissance
1243 3390 1287 3425 et
1310 3388 1507 3431 changer
1522 3387 1575 3425 de
1594 3397 1716 3436 pays.
1733 3390 1951 3435 »(Ordon.
1970 3391 2110 3429 Moul.
2134 3401 2176 3438 p.
2198 3392 2272 3438 90).

297 3452 357 3506 (2)
382 3453 506 3493 Loix
525 3453 633 3498 abr.
667 3464 709 3503 p.
738 3449 837 3491 214.

295 3518 354 3572 (3)
371 3519 437 3559 La
465 3517 672 3571 Royaule
701 3517 770 3558 n'a
798 3516 926 3568 point
950 3515 1005 3555 de
1026 3515 1284 3555 fondement
1313 3514 1417 3566 plus
1434 3514 1622 3554 asseure
1643 3526 1730 3566 que
1759 3515 1825 3556 les
1854 3518 1995 3558 estals
2016 3516 2078 3557 du
2097 3517 2278 3570 peuple.

246 3597 379 3638 corps
408 3590 451 3627 et
486 3585 689 3636 colleges
732 3583 1060 3635 legitimement
1087 3592 1335 3631 congregez
1365 3593 1375 3619 z
1407 3590 1517 3621 sans
1547 3579 1585 3620 le
1614 3584 1955 3622 consentement
1982 3583 2196 3636 desquels
2220 3596 2275 3625 on

251 3663 306 3693 ne
329 3651 481 3693 faisoit
501 3664 554 3692 en
587 3651 760 3692 France
787 3650 831 3689 ni
863 3657 1048 3701 guel-res
1068 3648 1113 3687 ni
1145 3647 1266 3699 paix‚
1289 3650 1333 3687 et
1360 3658 1414 3687 ne
1450 3647 1624 3686 mettoit
1647 3658 1703 3686 on
1727 3649 1960 3689 nouvelles
1989 3649 2279 3701 impositions

248 3725 292 3759 οι
315 3718 466 3760 tailles
487 3728 569 3759 sur
592 3718 632 3758 le
660 3717 838 3770 peuple.
863 3717 990 3766 (Ord.
1028 3715 1168 3764 Blois,
1196 3725 1240 3766 p.
1263 3712 1346 3763 14).
1378 3712 1446 3754 Cf.
1473 3713 1714 3753 Remomt.
1747 3725 1847 3754 aux
1876 3716 1978 3755 Est.
2009 3715 2091 3758 fin.

302 3783 495 3837 (4)·0rd.
529 3784 697 3832 Moza„
724 3793 833 3836 pag.
865 3781 932 3823 16.
