2508 4212
1192 338 1453 389 -28-

398 475 457 534 9.
491 476 799 534 Diseours
823 493 943 534 sm·
980 475 1516 550 l’espozwantable
1555 479 1613 534 et
1636 476 2067 534 merveilleuoe
2116 476 2360 534 desbor-

319 574 572 631 dement
599 574 688 630 du
734 572 945 630 Rosne
971 573 1139 629 dans
1174 574 1232 629 et
1279 589 1320 629 a
1371 573 1628 630 lentour
1676 574 1741 632 la
1767 574 1918 631 ville
1944 574 2019 631 de
2050 573 2255 648 Lyorc,
2303 576 2362 632 et

313 685 435 726 sur
461 669 551 726 les
576 669 839 726 miseras
877 672 936 726 et
961 668 1308 726 calamites
1327 668 1443 742 qui
1458 687 1498 744 y
1532 673 1676 727 sont
1702 671 2050 728 advenae&
2084 669 2139 726 A
2164 669 2354 747 Lyon,

314 782 420 840 par
442 764 685 822 Benoist
707 763 972 839 Rigaud,
1014 763 1190 832 1570,
1222 783 1362 822 avec
1397 765 1766 840 permission‚
1818 766 1841 822 1
1891 764 2005 828 νοΙ,
2054 765 2222 824 in-80.
2270 765 2358 843 (1)

399 881 512 939 10‘.
547 884 668 940 Les
688 883 1011 955 plamctes
1037 886 1095 940 et
1114 887 1372 956 reyretz
1399 885 1509 942 des
1529 884 1687 942 trois
1706 888 1916 943 estate
1935 886 2022 942 du
2046 903 2360 960 royau‘me

311 981 387 1037 de
426 981 714 1046 Franco,
769 998 875 1055 par
913 980 995 1036 M.
1045 979 1265 1036 Philib.
1314 980 1631 1057 Bugnyon‚
1678 981 1921 1039 docteur
1967 1000 2028 1038 ez
2081 981 2265 1039 droitz
2306 987 2363 1041 et
2431 985 2433 987 ’

309 1076 556 1134 advocat
578 1095 646 1133 en
676 1075 733 1133 la
758 1076 1184 1134 seneschaucee'
1199 1082 1256 1134 et
1281 1076 1440 1153 siege
1469 1077 1745 1153 presidial
1771 1077 1841 1136 de
1867 1078 2053 1155 Lyon.
2086 1077 2140 1136 A
2167 1079 2356 1156 Lyon‚

310 1172 550 1230 Benoist
581 1172 847 1248 Rigaud,
884 1173 1062 1242 1571,
1101 1191 1242 1231 avec
1279 1173 1619 1249 permission
1658 1173 1770 1250 (⁶2).

395 1292 487 1348 ll.
509 1292 818 1350 Soulzaiot
833 1293 924 1350 du
937 1292 1172 1367 peuple
1196 1292 1492 1368 franyoz's
1518 1311 1639 1352 sur
1666 1274 2089 1352 l'lteureuoe...
2140 1298 2362 1353 retour

310 1392 384 1449 cle
409 1390 639 1464 Henry
666 1390 797 1461 III,
827 1408 940 1464 roy
973 1391 1047 1448 de
1072 1389 1332 1448 France
1361 1394 1421 1448 et
1451 1392 1526 1448 de
1552 1391 1864 1450 Polonne.
1929 1391 2118 1469 Lyon‚
2178 1391 2354 1451 1574.

395 1509 861 1568 Continuation
889 1511 979 1567 du
995 1510 1291 1567 souhaict
1316 1512 1423 1568 cles
1448 1511 1813 1586 Francoys.
1844 1510 2034 1588 Lyon,
2071 1511 2226 1570 1574
2252 1511 2354 1586 (3).

399 1627 492 1685 12.
533 1627 825 1702 Epistola
848 1627 1080 1694 latina,
1098 1627 1157 1684 in
1175 1625 1377 1684 limine
1402 1625 1536 1684 libri
1561 1646 1731 1703 quem
1754 1628 2316 1707 Duretusinscripsit
2341 1647 2353 1688 :
2436 1639 2439 1642 '

313 1725 675 1783 Harmom'e
702 1728 759 1782 et
783 1729 1164 1799 conferenee
1190 1726 1298 1782 des
1332 1724 1720 1798 magistrats
1765 1725 2059 1784 romains
2084 1743 2237 1785 avec
2273 1727 2362 1786 les

312 1821 596 1895 efficiere
621 1820 938 1896 franpois.
971 1820 1161 1897 Lyon‚
1192 1820 1429 1878 Benoist
1455 1820 1719 1897 Rigaud,
1758 1821 1934 1890 1574,
1966 1822 2118 1880 in-80
2163 1825 2272 1900 (4).

360 1983 418 2034 (1)
449 1982 553 2022 Non
581 1982 731 2023 solnm
755 1981 979 2035 Lugduni,
1003 1981 1083 2023 sed
1104 1982 1246 2023 semel
1269 1982 1560 2035 Rhotomagi,
1580 1995 1701 2023 anno
1721 1984 1838 2031 1571,
1856 1988 1899 2025 et
1923 1985 1995 2025 bis
2013 1986 2221 2030 Lutetiae.
2240 1998 2361 2028 anno

311 2049 415 2090 1570
435 2052 479 2089 et
503 2049 621 2097 1571,
641 2050 921 2102 impressum
941 2051 1023 2088 est.
1047 2047 1182 2103 (Vide
1206 2050 1464 2100 Cataloque
1479 2052 1537 2090 de
1554 2051 1601 2089 la
1626 2051 1749 2090 Bibl.
1770 2052 2035 2099 nationale,
2060 2063 2159 2100 vm,
2178 2051 2287 2104 380).
2308 2054 2363 2094 lat

310 2121 512 2169 tempore
530 2120 687 2157 nostro
710 2117 874 2155 iterum
898 2116 942 2155 in
971 2114 1122 2155 lucem
1147 2116 1273 2156 venit
1290 2116 1453 2167 (Arch.
1487 2119 1554 2157 da
1583 2118 1756 2158 Rhene
1782 2117 1821 2167 Ι,
1850 2118 1928 2165 ι·.)0).
1953 2118 2020 2159 De
2046 2119 2151 2172 ipsa
2177 2120 2360 2161 calami·

312 2187 404 2224 tate
419 2183 523 2224 vide
546 2183 733 2224 Archiv.
763 2182 903 2234 Lugd.
931 2181 1021 2230 BB,
1046 2182 1111 2227 89,

366 2250 427 2301 (⁶2)
451 2250 615 2290 Exstat
637 2250 684 2289 in
711 2249 812 2290 Bib.
847 2248 1164 2301 Lugdunensi‚
1191 2248 1310 2290 inter
1340 2250 1480 2290 multa
1521 2250 1725 2302 ejusdem
1760 2252 1976 2304 temporis
2019 2264 2120 2305 quae
2147 2253 2362 2295 debellis

313 2317 532 2358 civilibus
557 2316 748 2369 aequalis
774 2317 960 2369 quidam
990 2316 1172 2368 collegit
1195 2315 1329 2368 (Vide
1358 2318 1470 2358 Rec.
1493 2320 1575 2358 des
1594 2329 1793 2369 queri-es
1823 2319 1999 2367 civiles,
2020 2320 2137 2361 alias
2161 2323 2362 2363 Recueil

314 2390 426 2430 vert.
450 2392 498 2424 n⁰
527 2383 673 2433 25201,
703 2386 815 2424 tom.
842 2384 947 2435 IV).

367 2451 426 2502 (3)
457 2451 651 2491 Exstant
680 2451 724 2491 in
757 2451 858 2491 Bib.
887 2451 1190 2503 Lugdunensi
1216 2453 1293 2497 (V.
1316 2454 1434 2493 Rec.
1467 2453 1550 2493 des
1577 2463 1780 2502 ,quer-res
1803 2453 1980 2503 civiles,
2009 2456 2116 2494 tom.
2146 2453 2231 2495 63⁸.

369 2518 592 2566 Quamvis
627 2522 871 2570 utrumque
908 2530 1089 2559 carmen
1125 2531 1152 2559 a
1191 2519 1429 2571 Bugnonio
1471 2519 1691 2571 scriptum
1745 2530 1845 2559 esse
1888 2519 2008 2560 inter
2054 2531 2213 2562 omnes
2253 2533 2358 2562 con·

315 2585 485 2632 veniat,
541 2597 631 2625 non
682 2597 870 2637 possum
930 2597 1018 2626 non
1067 2586 1433 2626 animadvertere
1486 2586 1628 2637 priori
1669 2597 1758 2625 non
1801 2597 1853 2626 ea
1914 2587 2057 2627 verba
2101 2588 2361 2640 subscripta

315 2664 417 2693 esse
448 2653 617 2704 quibus
653 2652 1027 2693 constantissime
1046 2653 1205 2700 utitur,
1225 2665 1326 2692 cum
1346 2663 1526 2704 semper
1543 2655 1622 2692 aut
1645 2651 1731 2692 hoc
1749 2651 1885 2692 addat
1906 2664 1918 2694 z
1944 2655 2065 2694 velle
2085 2657 2131 2694 et
2144 2653 2361 2705 sperare,

314 2724 393 2761 aut
411 2733 574 2761 nomen
603 2718 1038 2772 anagrammatismo
1065 2722 1131 2761 sic
1160 2724 1309 2760 vertat
1334 2733 1342 2759 ε
1392 2721 1439 2760 Il
1491 2733 1521 2770 y
1567 2721 1668 2771 φέρι
1719 2732 1786 2759 un,
1844 2722 2073 2762 bonhem.
2126 2721 2214 2763 Hic
2253 2734 2360 2763 vero

316 2789 513 2840 legimus
540 2801 549 2828 :
577 2789 622 2828 Il
646 2788 723 2827 ira
753 2788 856 2827 bien
884 2787 957 2827 s'il
977 2800 1038 2827 va
1074 2789 1250 2827 mieux.
1284 2787 1386 2827 Scio
1413 2787 1624 2838 equidem
1651 2786 1795 2827 Mauri
1807 2787 1916 2827 tium
1939 2786 2114 2828 Saevam
2136 2782 2362 2831 voeabula

313 2856 485 2897 nomini
515 2867 598 2895 suo
629 2866 718 2894 non
739 2854 896 2894 cadem
929 2865 1074 2906 usque
1104 2854 1384 2899 subdidisse.
1415 2853 1493 2894 sed
1524 2857 1730 2894 mutasse
1753 2854 1966 2906 (primum
1992 2862 2001 2894 ε
2032 2857 2241 2906 souffrir
2263 2869 2363 2898 non

313 2924 536 2973 soum-ir,
562 2921 755 2962 deinde:
780 2933 879 2961 non
906 2923 949 2961 si
977 2933 1080 2962 non
1107 2922 1193 2972 la).
1230 2923 1300 2962 At.
1336 2922 1467 2961 Saeva
1492 2932 1725 2972 nunquam
1753 2921 1807 2961 ad
1836 2922 2005 2974 priora,
2040 2922 2136 2973 jam
2168 2927 2358 2976 mutata,

315 2991 465 3031 rediit.
495 2990 541 3030 Si
574 2989 709 3042 igitur
735 2991 889 3030 noster
909 2989 1183 3040 magistrum
1230 2990 1356 3041 sequi
1412 2989 1652 3036 voluisset,
1695 2988 1922 3041 quomodo
1951 2989 2114 3030 iterum
2138 2989 2195 3030 ad
2223 3002 2358 3032 usum

313 3058 559 3110 pristinum
590 3057 635 3096 in
662 3056 877 3096 omnibus
906 3067 1006 3107 quae
1033 3058 1190 3107 postea
1210 3055 1355 3096 edidit
1383 3055 1578 3096 rediret?
1608 3055 1737 3103 Quod
1769 3056 1807 3095 si
1839 3055 1944 3107 quis
1971 3056 2232 3109 suspicatur
2256 3069 2358 3098 enm

316 3124 520 3164 voluisse
569 3124 725 3168 latere,
780 3123 955 3163 omisso
998 3124 1180 3163 nomine
1226 3123 1506 3174 mutatisque
1562 3122 1708 3174 signis
1754 3123 1925 3174 quibus
1985 3124 2360 3176 cognoscebatur,

315 3203 477 3244 parum
527 3190 828 3241 intelligimus
865 3201 943 3229 cur
991 3201 1039 3229 se
1067 3187 1206 3230 unius
1230 3190 1461 3238 carminiS,
1488 3201 1577 3230 non
1601 3189 1792 3230 alterius
1823 3191 2088 3242 scriptorem
2119 3190 2360 3232 confessus

315 3262 449 3303 esset,
470 3270 571 3298 cum
607 3257 741 3297 ambo
777 3256 890 3296 nihil
926 3256 1050 3296 aliud
1079 3257 1167 3296 nisi
1195 3257 1451 3309 praemium,
1480 3256 1646 3298 nedum
1673 3256 1947 3309 periculum,
1992 3257 2195 3310 polliceri
2237 3258 2359 3299 vide·

315 3330 492 3366 rentur.
2190 3375 2191 3378 Ἴ

362 3395 419 3442 (4)
454 3392 726 3442 Quanquam
784 3402 942 3430 omnes
994 3391 1138 3430 nostri
1160 3390 1242 3430 hoc
1281 3402 1397 3443 opus
1441 3402 1543 3431 esse
1598 3389 1803 3440 credunt,
1852 3402 1942 3431 non
1983 3391 2155 3444 ambigi
2211 3396 2358 3444 potest

312 3459 421 3511 quin
449 3458 564 3498 alter
595 3458 858 3509 Bugnonius
892 3455 965 3496 hic
995 3460 1176 3507 agatur.
1204 3468 1291 3496 non
1312 3456 1577 3505 Matiscone,
1601 3456 1678 3497 sed
1709 3456 1920 3509 Lugduni
1944 3461 2094 3511 natus,
2115 3458 2358 3510 necjuris-

313 3525 554 3566 consultus
574 3524 650 3564 sed
683 3525 938 3564 litterarum
958 3522 1250 3570 candidatus,
1272 3524 1349 3575 qui
1374 3534 1474 3564 sese
1492 3523 1720 3574 juniorem
1743 3535 1845 3564 esse
1870 3525 1967 3576 ipse
1989 3524 2117 3565 dixit.
2145 3525 2218 3566 Sic
2235 3526 2355 3567 enim

313 3592 552 3645 epistolam
583 3592 820 3642 inscripsit
842 3603 849 3629 :
872 3589 1264 3641 Eloquentissimo
1280 3594 1319 3629 et
1335 3589 1603 3630 doctissimo
1624 3591 1723 3630 viro
1750 3591 1917 3631 Joanni
1947 3591 2116 3632 Dureto
2132 3591 2356 3643 juriscon-

311 3660 445 3705 sulto,
481 3658 763 3699 Philibertus
805 3658 1071 3708 Bugnonius
1101 3658 1297 3706 jtmior,
1329 3658 1693 3708 Lugdunensis,
1727 3658 2002 3699 litterarum
2035 3660 2347 3701 candidatus.

309 3728 406 3768 Imo
437 3726 514 3766 dat
540 3726 713 3765 litteras
739 3740 758 3762 (ι
790 3737 842 3764 ex
874 3725 1048 3765 laribus
1079 3725 1238 3776 patriis
1270 3739 1290 3763 »
1321 3725 1496 3766 decimo
1540 3725 1755 3766 calendas
1784 3724 2021 3766 Februarii
2065 3737 2345 3767 cmxonxnw

309 3794 359 3835 Is
388 3793 527 3846 igitur
551 3792 668 3833 idem
705 3792 986 3833 philibertus
1005 3795 1074 3832 est
1093 3803 1227 3845 quem
1246 3795 1400 3832 natum
1421 3792 1540 3833 circa
1559 3803 1731 3833 annum
1750 3803 1959 3834 cmmnxv
1991 3803 2132 3847 supra
2150 3793 2352 3836 vidimus
