2508 4212
942 755 1358 817 APPENDIX
1409 756 1434 816 I

737 1070 895 1116 VITA
928 1071 1101 1120 BUGN
1109 1072 1244 1119 ONII
1287 1074 1636 1121 EXCERPTA

554 1272 623 1306 EX
663 1272 711 1308 P.
746 1273 994 1310 BULLODII
1021 1280 1045 1310 «
1072 1274 1320 1312 LUGDUNO
1348 1276 1763 1314 SACROPROFANO
1793 1281 1816 1310 ))

635 1440 749 1488 Bib.
785 1442 945 1500 Lugd.
975 1444 1088 1490 cod.
1123 1444 1237 1490 Ind.
1272 1447 1441 1501 quart.
1476 1457 1529 1501 p.
1554 1443 1613 1490 82
1637 1443 1720 1502 (1).

181 1612 184 1618 ·
247 1580 580 1637 philibertus
606 1581 907 1654 Bugnonus
934 1584 1142 1658 origine
1170 1584 1586 1642 Matisconensis
1630 1586 1727 1642 sel
1761 1585 2203 1644 commoratione

172 1677 226 1727 et
253 1671 407 1726 obitu
433 1670 896 1742 Lugdunensisl.
930 1673 1002 1730 U.
1035 1674 1096 1730 d.
1126 1681 1179 1730 et
1206 1676 1254 1729 in
1279 1676 1598 1743 praefectura
1623 1691 1912 1730 causarum
1943 1673 2199 1746 Lugduni

171 1767 458 1830 patronuS‚
492 1762 570 1817 ‚vir
594 1763 846 1817 eruditus
874 1771 925 1818 et
952 1762 1259 1819 laudandus
1292 1764 1392 1818 nisi
1426 1765 1543 1819 labe
1590 1763 1845 1820 hereseos
1886 1780 1944 1820 se
1985 1781 2201 1839 suaque

71 1906 76 1912 ,
171 1849 380 1919 scripta
410 1850 704 1906 infecisset.
750 1850 957 1921 RubyS.
1013 1851 1104 1907 lib.
1152 1855 1184 1907 9
1237 1854 1371 1908 hist.
1429 1853 1574 1923 lugd.
1625 1868 1751 1922 cap.
1804 1855 1894 1917 1⁴7,
1951 1854 2199 1910 meminit

167 1936 337 2004 libelli
403 1937 476 1993 lV
523 1939 790 2012 Bugnonij
850 1942 917 1996 de
960 1939 1171 2010 legibus
1215 1942 1491 2012 abrogatis
1550 1940 1652 2014 (2).
1700 1941 1753 1999 Ξ.
1784 1943 2058 1998 Antonius
2121 1943 2197 1998 du

173 2025 400 2083 verdier
444 2030 611 2084 multa
650 2029 897 2100 ejusdem
942 2045 1108 2099 opera
1149 2037 1396 2085 recenset
1435 2028 1579 2085 edita
1628 2038 1734 2086 tam
1786 2033 1974 2086 stricta
2025 2046 2189 2101 quam

173 2117 353 2173 soluta
377 2119 629 2175 oratione
669 2119 721 2172 in
763 2118 1105 2174 Bibliotheca
1152 2126 1204 2174 et
1247 2118 1645 2175 additionibus,
1690 2124 1742 2175 3.
1787 2117 1988 2175 Versus
2023 2121 2198 2191 affigit

170 2205 416 2262 his-toriae
451 2205 702 2262 Paradini
749 2214 800 2262 et
843 2208 1078 2278 elogium
1115 2209 1325 2263 tumulo
1353 2206 1552 2262 Macuti
1584 2208 1871 2277 Pomponii
1921 2209 2202 2265 senatoris

167 2291 550 2361 Divionensis3
580 2298 632 2350 4.
663 2295 898 2366 Scripsit
926 2295 1209 2365 historiam
1242 2295 1702 2352 Matisconensem
1737 2313 1902 2368 quam
1944 2297 2202 2368 sequitur.

167 2388 221 2438 et
247 2383 431 2438 laudat
465 2385 665 2454 passim
695 2383 973 2441 severtius
1004 2387 1055 2439 in
1085 2384 1584 2441 Matisconensibus
1610 2387 1908 2457 episcopis.

188 2476 216 2487 ”
240 2469 300 2526 ln
328 2487 436 2542 qua
465 2473 628 2528 homo
651 2473 940 2529 haereticus
966 2475 1179 2544 primus
1205 2490 1373 2530 ausus
1399 2481 1482 2530 est
1509 2473 1751 2530 scribere
1773 2473 1856 2545 [ex
1885 2473 2202 2545 suppositis.

168 2557 369 2616 chartis
394 2576 500 2632 que
527 2562 604 2615 ait
627 2569 814 2616 extare
845 2563 895 2617 in
943 2561 1211 2618 Archiviis
1238 2564 1394 2617 urbis
1426 2561 1864 2634 Matisconensis]
1911 2562 2010 2634 (3),
2039 2563 2197 2618 fabu-v

167 2646 347 2704 losum
374 2664 495 2704 esse
528 2650 674 2719 quod
704 2650 922 2718 scripsit
952 2651 1140 2706 Petrus
1188 2649 1541 2716 Venerabilis,
1571 2651 1740 2705 abbas
1785 2649 2190 2712 Cluniacensis‚

170 2736 222 2792 in
252 2737 441 2810 probis
465 2744 518 2794 et
542 2737 752 2808 magnis
784 2748 945 2794 notus
975 2738 1050 2812 (4)
1082 2741 1156 2794 lib
1201 2743 1233 2794 Β
1258 2740 1326 2795 de
1350 2738 1628 2794 Miraculis
1654 2754 1775 2808 cap.
1803 2738 1853 2795 1.

239 2827 383 2883 Ante
413 2827 563 2881 illum
594 2826 890 2883 chronicon
921 2828 1278 2883 Cluniacense
1305 2828 1535 2898 Hugone
1562 2830 1595 2881 2
1621 2828 1818 2883 abbate
1844 2831 1876 2882 8
1904 2826 2111 2883 editum
2139 2829 2191 2884 in

99 2966 103 2968 ,
168 2911 504 2970 bibliotheca
530 2915 871 2971 Cluniacensi
904 2918 1097 2987 pagina
1129 2919 1287 2986 4647,
1316 2924 1370 2971 et
1399 2923 1522 2985 post
1554 2914 1703 2970 illum
1733 2915 2069 2972 Belforesius
2097 2918 2190 2973 lib.

168 3004 202 3057 2
234 3017 354 3076 cap.
383 3004 452 3058 64
480 3010 534 3059 et
577 3004 675 3059 lib.
729 3005 762 3062 3
810 3021 929 3074 cap.
964 3008 1053 3071 35,
1081 3013 1133 3060 et
1174 3005 1420 3060 Andreas
1462 3020 1492 3058 a
1542 3003 1764 3069 Quercu
1815 3003 1908 3075 (du
1952 3002 2190 3078 chesne>

215 3178 272 3229 (1)
298 3178 515 3219 Exstatin
545 3180 639 3220 Bib.
662 3181 983 3233 Monspeli021isi
1011 3180 1128 3220 idem
1160 3192 1292 3231 opus,
1315 3180 1358 3218 in
1380 3191 1470 3231 quo
1492 3179 1584 3219 haec
1610 3179 1703 3219 vita
1726 3190 1904 3231 quoque
1923 3185 2101 3220 servata
2126 3184 2197 3231 est

164 3242 244 3292 IV,
273 3244 370 3286 355.

218 3316 278 3370 (2)
316 3319 422 3359 Vidi
462 3319 769 3361 ordinationes
826 3321 1028 3372 politicas
1072 3332 1152 3371 pro
1189 3320 1318 3360 urbis
1357 3319 1538 3371 [Lugd]
1570 3320 1629 3371 (a)
1674 3320 1891 3370 regimine
1917 3331 2030 3371 quas
2054 3321 2194 3361 edidit

164 3393 286 3424 anno
304 3383 407 3426 1573
430 3388 474 3426 et
503 3391 617 3438 q'uas
654 3387 771 3427 dicat
797 3388 1074 3438 Hieronymo
1097 3387 1150 3425 de
1185 3386 1435 3426 Chaslillon
1463 3386 1643 3437 ρι’·Εείἀί
1674 3386 1719 3425 in
1757 3386 1943 3426 sedibus
1972 3387 2004 3426 1
2011 3387 2117 3437 ugd.
2149 3390 2192 3427 et

164 3450 292 3490 curia
309 3462 522 3503 suprema
543 3453 806 3493 Dombensi.
843 3454 948 3493 Haec
970 3454 1014 3492 in
1042 3453 1241 3503 margine
1270 3451 1447 3491 codicis.

215 3518 275 3571 (8)
293 3519 402 3560 Haec
420 3522 558 3562 verba
582 3533 681 3574 quae
706 3523 751 3562 in
766 3523 968 3574 margine
987 3522 1149 3564 codicis
1177 3521 1494 3573 Lugdunensis
1518 3521 1667 3561 addita
1684 3524 1790 3562 sunt
1809 3521 1945 3562 codex
1981 3521 2192 3574 Monspe-

164 3583 325 3626 liensis
349 3586 396 3627 in
418 3588 690 3640 scripturam
710 3590 894 3640 recepit.

203 3648 271 3702 (4)
293 3651 409 3693 Cod.
432 3653 754 3706 Monspeliens.
786 3660 860 3695 :et
885 3668 930 3705 p)
937 3657 1133 3695 mobatus

210 3746 271 3800 (a)
299 3748 423 3790 Addo
461 3752 619 3802 Luqd.
661 3763 715 3792 ex
754 3752 901 3795 codice
932 3752 1259 3809 Monspeliensi
1288 3753 1366 3808 qui
1391 3752 1474 3797 hac
1498 3754 1602 3795 nota
1637 3753 2019 3796 enumerationem
2053 3752 2186 3796 libro-

161 3824 262 3858 rum
285 3815 459 3870 incipit.
