2508 4212
1200 348 1462 399 „70—

392 485 490 544 Sic
521 484 680 542 fama
718 489 891 543 antea
923 481 1167 542 collecta
1193 484 1348 560 apud
1366 485 1712 544 vetustiores
1738 491 1992 556 servata,
2023 484 2354 544 neoterico—
2432 481 2435 484 ⁴

310 600 437 639 rum
472 599 639 659 aeque
664 580 860 639 studia
885 580 996 638 sibi
1023 580 1379 651 conciliavit,
1421 587 1484 642 ut
1514 581 1635 658 qui,
1674 601 1827 641 nova
1859 600 2060 652 ausus,
2090 582 2248 640 viam
2281 581 2376 641 iis,

307 684 634 736 monstrare
668 677 989 736 videretur.

385 774 501 833 Seu
519 774 750 842 callide,
775 774 927 850 quod
949 775 1049 832 vix
1070 775 1331 846 credam,
1363 777 1473 835 viri
1496 778 1594 854 qui
1614 778 1831 855 primas
1851 781 2045 854 partes
2071 781 2276 853 ageret
2294 776 2354 834 in

300 871 559 947 gratiam
605 871 691 929 ire
732 870 1066 941 voluerunt,
1121 892 1225 931 seu
1269 875 1460 950 potius
1504 876 1631 951 ejus
1685 872 1978 933 scribendi
2029 891 2217 950 genus
2250 891 2355 932 suo

302 969 655 1049 proximum,
680 968 834 1044 quod
861 987 964 1051 nos
985 969 1094 1046 ipsi
1115 971 1459 1042 videbimuS,
1483 977 1873 1048 agnoverunt,
1905 987 2351 1047 praecursorem,

302 1072 365 1124 ut
397 1066 579 1124 sacris
605 1066 795 1124 verbis
831 1072 984 1137 utar,
1020 1068 1117 1145 qui
1152 1068 1224 1127 ad
1269 1070 1539 1146 antiquos
1573 1069 1954 1147 purioresque
1973 1067 2162 1128 fontes
2191 1065 2357 1127 vates

305 1162 665 1233 adduxisset,
689 1162 1021 1223 salutavere
1052 1182 1064 1223 ε
2150 1164 2151 1167 '

639 1349 823 1399 Gentil
852 1350 1049 1413 esprit‚
1074 1353 1365 1401 ornament
1389 1351 1457 1401 de
1494 1351 1546 1401 la
1575 1352 1808 1411 France,

639 1430 742 1491 Qui
771 1430 1066 1495 d'Apollon
1101 1433 1475 1483 sainctement
1498 1433 1710 1496 inspire

635 1511 762 1562 T‘es
788 1513 837 1563 le
861 1513 1107 1576 premier
1136 1514 1210 1563 du
1229 1515 1430 1579 peuple
1463 1515 1649 1577 retire,

643 1594 823 1658 Loing
850 1595 923 1644 du
951 1596 1172 1646 chemin
1196 1598 1347 1647 trace
1373 1611 1475 1660 par
1498 1597 1858 1660 l'ignorance,

646 1677 817 1737 Sceve
838 1677 1011 1739 divin,
1043 1678 1176 1729 dont
1200 1678 1515 1729 l'heureuse
1539 1679 1837 1728 naissance

649 1758 754 1809 N'a
777 1759 958 1809 moins
981 1761 1165 1811 encor'
1194 1775 1298 1811 son
1316 1759 1393 1827 (l)
1422 1764 1610 1811 Rosne
1637 1760 1858 1820 de'core,

642 1840 758 1901 Que
784 1839 858 1889 du
884 1841 1146 1891 Thuscan
1174 1840 1224 1891 le
1249 1842 1431 1891 fleuve
1462 1844 1547 1892 est
1571 1842 1824 1892 honnore

653 1923 736 1971 Du
762 1924 944 1973 Tronc
969 1924 1062 1987 qui
1088 1927 1252 1987 prent
1285 1925 1316 1973 a
1350 1937 1453 1974 son
1478 1923 1619 1974 bord
1647 1923 2056 1986 acci-oissaan

648 2004 910 2069 Reeoyle
943 2019 1089 2066 ver,-
1113 2005 1280 2071 qu’un
1309 2004 1472 2056 devot
1496 2005 1757 2069 Angevin

655 2089 974 2140 Enamoure
1001 2089 1068 2141 de
1089 2093 1184 2140 ton
1213 2089 1390 2152 esprit
1414 2089 1587 2150 divin,

654 2172 916 2223 Laissant
944 2173 996 2223 13
1023 2174 1254 2237 France,
1283 2174 1315 2222 3
1337 2174 1392 2222 ta
1421 2172 1709 2235 grandeur
1731 2171 1895 2222 dedic
1926 2187 1936 2222 :

648 2253 809 2302 Ainsi
837 2253 1124 2318 tousjours
1145 2254 1196 2303 le
1215 2254 1406 2303 Rosne
1429 2253 1772 2316 impetueUX‚

654 2334 817 2384 Ainsi
842 2335 894 2385 la
919 2337 1064 2386 Sone
1090 2349 1160 2385 au
1190 2335 1312 2386 sein
1335 2348 1444 2384 non
1467 2335 1750 2385 fluctueux

653 2417 836 2468 Sonne
858 2416 1144 2483 tousjours
1170 2420 1223 2467 et
1245 2418 1419 2468 Sceve
1447 2420 1504 2467 et·
1529 2431 1592 2467 sa
1614 2415 1786 2466 Delie.

1615 2529 1723 2594 (Du
1751 2528 1889 2579 Bell.
1921 2491 2133 2595 11,14?{)

406 2728 574 2787 Nihil
622 2727 814 2805 majus
849 2726 1128 2786 Claudius
1168 2724 1618 2784 Taillemontius
1657 2726 1843 2784 amico
1884 2744 1988 2784 suo
2031 2724 2367 2786 vindicabat

325 2827 382 2884 in
410 2826 668 2884 carmine
695 2825 1072 2902 (Tricarz'te,
1103 2843 1159 2901 p.
1197 2823 1299 2900 752)
1339 2840 1351 2882 :

589 2998 727 3047 Seve
755 3001 809 3046 at
835 2995 1035 3060 produi
1062 2996 1139 3046 du
1176 2994 1407 3047 L‘aurier
1434 2994 1698 3058 borg’ons
1723 3007 1855 3045 vers

595 3082 737 3129 Dont
762 3080 966 3129 meinis
993 3093 1256 3129 rameaus
1281 3082 1447 3128 avant
1472 3077 1691 3128 l'Arbre
1720 3080 1815 3127 ont
1840 3090 2066 3142 corone,

595 3163 732 3212 Maes
758 3175 889 3211 mon
918 3161 1098 3221 advis‚
1129 3163 1231 3225 por
1259 3161 1307 3210 le
1339 3160 1534 3220 (niem,
1563 3174 1636 3209 an
1663 3174 1858 3208 corone
1886 3171 1898 3212 ἰ

593 3245 732 3295 Seve
757 3242 1003 3309 premier
1030 3244 1077 3292 le
1095 3258 1230 3307 pere
1257 3241 1323 3289 de
1354 3245 1475 3289 nois
1500 3256 1624 3288 vers
1649 3257 1667 3289 .·

590 3326 703 3375 Car
726 3326 778 3374 si
800 3326 926 3374 leur
951 3325 1040 3373 vol
1059 3326 1296 3388 prement
1313 3338 1425 3387 pat·
1453 3321 1724 3371 l'um'vers

600 3408 875 3467 Furmws,
906 3422 1153 3466 amours,
1182 3409 1208 3455 e
1235 3409 1340 3454 tole
1363 3407 1488 3455 leur
1512 3406 1728 3470 seqelle‚

589 3489 730 3538 Etre
759 3492 968 3554 nepeut
986 3504 1046 3552 qe
1069 3504 1166 3536 sus·
1198 3487 1338 3537 l’oele
1364 3486 1430 3535 de
1463 3487 1597 3535 celle

589 3573 739 3622 Doni
764 3573 1075 3637 amplumes
1100 3586 1156 3620 se
1180 3575 1302 3619 sont
1325 3569 1575 3620 Oezeauoe
1601 3568 1793 3618 divers
1811 3585 1829 3619 .·

375 3802 431 3853 (1)
464 3800 677 3854 Suspicor
705 3799 944 3851 legendum
975 3810 1076 3840 csse
1110 3812 1117 3839 z
1150 3803 1246 3839 ton.
