2508 4212
1008 359 1269 408 -69-

158 537 162 539 »
216 493 386 551 Hanc
428 510 566 550 vero
600 492 752 549 viam
780 491 899 549 fere
931 509 1218 566 nusquam
1244 491 1548 566 ingressus
1563 494 1672 557 est,
1695 494 1798 546 aut
1829 507 1969 546 sane
2000 489 2160 547 brevi

59 627 62 631 ‹
106 587 389 666 reliquit.
434 589 586 646 Nam
633 587 784 663 quod
829 587 1078 645 formam
1117 586 1416 653 carminis,
1454 604 1627 662 quam
1681 591 1903 643 veteres
1943 586 2163 643 blason

134 683 426 753 dixerunt,
477 683 738 740 imitatus
777 687 886 750 est,
933 680 1156 739 nullum
1197 682 1257 738 id
1291 687 1699 757 argumentum
1742 686 1849 738 est.
1882 681 1969 738 Ita
2009 680 2163 738 enim

132 779 310 856 hujus
363 778 593 855 generis
633 786 900 855 poemata
947 776 1373 846 increbuerant,
1406 785 1466 834 ut
1508 777 1627 834 fere
1659 794 1859 835 omnes
1903 775 2162 852 aequales

52 865 58 937 [
133 874 332 933 datum
352 873 679 950 exemplum
705 872 1143 943 imitatiessent,
1182 873 1333 930 inter
1360 891 1502 947 quos
1526 873 1818 949 praecipue
1842 871 2164 930 Mauritius

64 1019 66 1023 ,
134 969 306 1030 Saeva
337 971 457 1047 qui,
493 975 723 1046 aequata
770 987 935 1045 paene
975 970 1241 1044 magistri
1285 967 1495 1043 gloria,
1533 986 1719 1044 genus
1756 968 1947 1044 ipsum
1990 986 2162 1026 suum

48 1055 82 1149 fij
134 1066 342 1127 fecisse
380 1065 698 1125 videretur.

59 1153 70 1163 ²
213 1162 376 1228 Quod
419 1162 493 1220 ad
532 1161 907 1221 Ronsardum
960 1162 1186 1228 attinet,
1238 1161 1483 1218 materia
1521 1165 1606 1218 est
1655 1160 2012 1235 ambigendi.
2046 1158 2162 1216 Vix

58 1299 59 1303 =
135 1260 291 1318 enim
333 1259 490 1318 credi
529 1276 694 1335 posse
736 1258 964 1316 videtur
1004 1276 1071 1314 eo
1098 1263 1376 1332 tempore,
1408 1275 1519 1331 quo
1562 1275 1779 1332 cycnus
1823 1255 1922 1313 ille
1955 1254 2166 1332 Apollo

49 1377 56 1418 i
135 1353 395 1413 Gallicus
433 1354 552 1412 fere
591 1353 848 1411 omnium
875 1353 1085 1429 plausu
1113 1352 1503 1420 salutabatur,
1536 1352 1830 1409 hominem
1864 1352 2167 1410 etiamtum

44 1458 55 1504 1⁷
136 1449 558 1508 adolescentem
605 1456 662 1507 et
710 1467 812 1530 pro
846 1447 1016 1522 solita
1055 1448 1335 1524 juvenum
1366 1449 1423 1504 in
1458 1466 1636 1505 novas
1667 1466 1756 1505 res
1790 1447 2167 1505 inclinatione

37 1530 45 1536 '⁵
137 1545 211 1603 ad
264 1545 424 1603 invia
478 1545 757 1604 tentanda
812 1562 1081 1622 pronum,
1133 1545 1503 1619 antiquarum
1556 1543 1883 1601 litterarum
1933 1545 2168 1619 insuper

34 1644 39 1683 ἒ
137 1641 625 1725 amantissimum,
662 1659 832 1699 aures
883 1640 969 1697 illi
1024 1640 1347 1709 obturasse,
1393 1641 1487 1715 qui
1533 1639 1605 1697 ad
1653 1638 2002 1715 Capitolium
2044 1658 2167 1715 spo-

43 1731 50 1746 ³
82 1784 85 1790 .
136 1734 398 1796 liandum
432 1738 827 1814 posteritatem
862 1737 1079 1795 Brenni
1123 1743 1373 1794 vocaret.
1410 1735 1825 1794 Animadverte
1860 1754 1994 1793 vero
2027 1735 2166 1793 alte·

42 1839 49 1866 ³
138 1851 268 1892 rum
287 1839 515 1912 poetam
534 1839 653 1893 tum
675 1835 956 1891 immensa
973 1833 1127 1909 apud
1152 1833 1410 1891 eruditos
1436 1833 1703 1909 opinione
1726 1831 1996 1890 valuisse.
2018 1833 2165 1891 Puto

42 1924 49 1999 ζ,
137 1927 307 1988 illum
344 1930 691 1988 Mauritium
724 1929 980 1996 Saevam,
1019 1929 1186 2005 cujus
1218 1947 1443 1986 nomem
1473 1928 1610 1986 olim
1645 1927 2163 1986 celebratissimum

137 2043 293 2084 nunc
331 2025 451 2084 fere
476 2026 806 2103 ignoratur.
838 2026 1245 2101 Intempestive
1276 2026 1427 2082 enim
1472 2033 1608 2082 nato
1635 2025 1774 2083 hinc
1796 2024 2163 2092 RonsarduS,

42 2113 46 2119 ’
139 2120 348 2191 mult0,
384 2140 455 2181 ne
495 2122 632 2198 quid
679 2121 933 2198 iniquius
969 2120 1181 2189 dicam,
1228 2121 1433 2198 major,
1476 2119 1640 2178 illinc
1671 2120 1915 2198 Aloysia
1956 2120 2169 2178 Labaea

42 2226 69 2291 j
108 2287 111 2291 ¹
136 2216 424 2285 officiunt,
453 2218 551 2294 qui
578 2218 835 2275 omnium
862 2218 920 2274 in
948 2236 1009 2275 se
1035 2223 1381 2275 convertunt
1407 2216 1625 2274 ocuIOS.

43 2306 47 2324 ⁷
219 2313 331 2373 Sed
364 2314 535 2372 aliter
560 2314 699 2372 olim
740 2332 833 2371 res
873 2332 932 2371 se
971 2313 1174 2370 habuit
1221 2319 1277 2371 et
1303 2312 1459 2370 solus
1495 2313 1544 2370 is
1569 2312 1668 2388 qui
1687 2313 1848 2390 justo
1876 2311 2168 2371 volumine

138 2409 208 2468 de
233 2408 421 2468 Saeva
444 2410 727 2468 disserere
755 2408 912 2478 velit,
945 2417 1221 2485 quantam
1247 2415 1303 2465 et
1325 2408 1554 2485 qualem
1581 2408 1855 2484 gloriam,
1887 2408 2167 2484 quibusve

139 2505 324 2564 modis
347 2511 687 2565 consecutus
720 2505 817 2563 ille
842 2506 939 2574 sit,
971 2506 1150 2581 possit
1182 2505 1505 2563 ostendere.

219 2601 426 2679 Longa
485 2620 615 2660 cum
671 2601 756 2659 Cl.
810 2601 1005 2659 Marot
1053 2600 1474 2659 necessitudine
1535 2601 1902 2678 conjunctuS‚
1965 2599 2165 2676 primis

40 2763 41 2766 Ἴ
139 2697 402 2757 versibus
434 2697 562 2774 ejus
597 2695 861 2773 exempla
900 2707 1132 2755 secutus
1169 2703 1293 2754 erat
1318 2703 1480 2755 tanta
1504 2695 1781 2754 felicitate
1823 2702 1885 2754 ut
1926 2695 2012 2753 illi
2038 2714 2164 2754 suc-

139 2792 339 2852 cedere
378 2793 671 2851 videretur
695 2799 773 2860 et,
804 2811 1135 2869 quanquam
1157 2798 1378 2851 mutato
1399 2798 1594 2869 postea
1619 2810 1831 2868 genere
1848 2791 2159 2860 scribendi,

36 2895 42 2945 ξ
139 2888 525 2948 amicissimus
541 2889 811 2947 omnibus
831 2887 988 2946 illius
1007 2888 1331 2946 fautoribus
1351 2887 1691 2946 remanserit
1708 2889 1814 2964 (1).
1847 2887 1965 2944 Vix
1984 2906 2165 2945 unum

28 3052 30 3058 ,
139 2974 458 3044 alterumve
484 2985 747 3042 invenias
771 2985 874 3060 qui
907 2984 1185 3042 adversus
1211 2983 1396 3042 Deliae
1429 2984 1846 3042 obscuritatem
1879 3002 2164 3060 repugna-

31 3124 50 3163 ··.
137 3081 283 3139 verit
313 3098 325 3140 ε
363 3098 474 3157 ego
501 3099 634 3139 vero
668 3081 956 3138 neminem
990 3080 1103 3137 nisi
1129 3081 1242 3138 Des
1276 3078 1481 3137 Autels
1530 3079 1690 3149 novi,
1720 3097 1887 3155 quem
1931 3079 2162 3155 quidem

42 3225 57 3233 t
137 3176 692 3235 modestissimorum
723 3176 1023 3234 verborum
1056 3176 1264 3252 quibus
1302 3175 1499 3252 elegos
1531 3181 1832 3251 carpserat
1865 3175 2158 3252 poenituit,

67 3271 70 3276 ’
138 3290 270 3330 nam
305 3272 463 3330 brevi
495 3271 793 3330 confessus
832 3291 945 3330 non
979 3272 1278 3348 scriptoris
1304 3272 1403 3329 sed
1432 3272 1525 3329 sui
1551 3271 1905 3330 infirmitatis
1939 3272 2161 3348 ingenii

41 3375 49 3414 ῑέ
134 3367 367 3445 culpam
392 3386 538 3437 esse,
578 3368 871 3426 communi
903 3366 1160 3444 opinioni
1184 3368 1372 3426 cessit.
1405 3367 1490 3442 (2)

181 3608 231 3652 (1)
255 3607 542 3646 Franciscum
588 3608 763 3648 Haben,
790 3608 1080 3651 Eustorgium
1118 3607 1170 3644 de
1207 3608 1426 3645 Beaulieu.
1453 3609 1696 3645 Antonium
1722 3608 1782 3646 du
1809 3609 1928 3654 salx,
1954 3611 2162 3687 Carolum

27 3645 31 3648 ¹
54 3663 57 3666 “
140 3665 367 3710 Fontaine‚
395 3666 558 3704 Sebilet
580 3668 700 3704 solos
718 3668 916 3704 afferam.

193 3727 241 3767 (2)
268 3724 595 3769 Objicientibus
613 3727 651 3762 S·
644 3736 682 3763 ne
689 3735 786 3762 vam
815 3734 899 3762 non
920 3725 1107 3769 intelligi
1127 3733 1265 3770 posse.
1279 3725 1370 3770 ipse
1385 3727 1416 3762 'l'
1422 3726 1604 3769 yarcleus
1625 3735 1779 3772 parum
1791 3736 1971 3766 curasse
1989 3729 2163 3766 Saevam

30 3794 55 3827 ’ς
144 3783 181 3820 si
207 3792 233 3819 a
254 3783 406 3821 vitulis
433 3792 519 3822 non
546 3784 1209 3831 intelligereim,respondebat.
1234 3783 1399 3829 (Soc.1·
1420 3794 1444 3829 p
1488 3787 1529 3822 33
1555 3785 1626 3829 vn).
