2508 4212
1279 334 1542 384 ..38-

375 469 649 528 habuisse
689 469 842 527 inter
880 486 978 527 eos
1019 468 1118 544 qui
1165 467 1397 527 fortiter
1436 475 1903 548 constanterque,
1940 489 2158 547 magno
2182 469 2414 547 quidem

375 565 711 627 discrimine
750 565 1033 623 bonorum
1082 583 1578 643 personarumque
1618 586 1882 639 suarum,
1929 586 2034 645 pro
2066 569 2203 645 jure
2242 572 2416 644 atque

373 661 741 720 humanitate
767 659 1218 719 dimicaverunt.

451 757 684 816 Etenim
714 775 940 833 semper
978 757 1417 817 existimaverat
1440 759 1815 836 BugnoniuS,
1862 759 2016 836 quod
2042 758 2275 835 quidem
2300 777 2415 818 non

371 854 614 912 dubium
639 859 725 912 est
745 853 886 929 quin
911 859 1112 911 nostra
1145 860 1320 913 aetate
1353 855 1553 914 multis
1579 857 2027 933 insignibusque
2052 856 2415 915 documentis

370 949 629 1007 munitus
663 948 918 1008 firmiore
948 949 1124 1008 etiam
1146 951 1341 1008 animo
1371 951 1550 1010 fuerit
1578 952 2004 1022 affirmaturuS,
2041 971 2112 1009 ex
2146 948 2415 1011 omnibus

369 1046 593 1104 civibus
625 1046 938 1105 advocatos
980 1047 1350 1123 potissimum
1368 1049 1575 1107 debere
1603 1049 1664 1106 in
1699 1049 1869 1107 rebus
1897 1047 2145 1126 publicis
2163 1048 2411 1119 versari,

368 1149 447 1211 et,
499 1149 564 1201 ut
613 1142 798 1220 ipsius
854 1144 1049 1202 verbis
1100 1151 1257 1215 utar,
1298 1170 1325 1199 «
1371 1146 1678 1205 civitatum
1725 1146 2224 1204 administrationi
2266 1165 2417 1224 prae-

365 1239 462 1297 fici
499 1262 526 1292 »
565 1239 678 1317 (1).
730 1240 794 1297 In
836 1239 1028 1317 legem
1066 1259 1182 1300 non
1223 1241 1402 1301 semel
1442 1242 1742 1301 invehitur
1775 1244 1848 1300 ab
1881 1243 2139 1301 Henrico
2165 1242 2416 1302 secundo

367 1335 572 1406 latam,
618 1355 734 1413 qua
785 1361 812 1391 «
863 1339 1051 1415 togati
1098 1357 1296 1398 omnes
1331 1339 1774 1416 magistratibus
1814 1339 2266 1416 municipalibus
2315 1346 2419 1399 aut

367 1432 575 1491 officiis
606 1433 989 1509 decurionum
1029 1435 1324 1494 interdicti
1349 1441 1539 1496 erant.
1578 1437 1743 1501 Quod
1776 1437 2030 1495 edictum
2054 1442 2258 1495 natum
2290 1442 2416 1495 erat

370 1531 443 1589 ab
475 1531 762 1609 imperitis
787 1551 856 1590 ac
880 1531 1214 1593 litterarum
1248 1534 1538 1604 hostibus,
1577 1535 1675 1612 qui
1702 1553 1929 1612 semper
1961 1534 2094 1593 odio
2125 1532 2417 1594 litteratos

371 1628 707 1687 habuerunt
736 1653 763 1682 »
793 1629 905 1706 (2).

452 1726 676 1802 Itaque,
727 1727 958 1785 «rebus
990 1727 1204 1804 ubique
1244 1727 1305 1786 in
1332 1747 1568 1806 pessum
1597 1729 1768 1799 actiS,
1814 1748 1845 1787 )>
1890 1748 2022 1788 cum
2063 1727 2419 1806 periclitanti

371 1841 441 1881 ac
466 1821 756 1881 laboranti
790 1823 1130 1901 reipublicae
1172 1822 1508 1901 peritissimi
1553 1824 1765 1896 solum,
1825 1827 2035 1902 quibus
2069 1844 2197 1884 sese
2230 1844 2416 1885 annu-

370 1920 714 1978 merandum
755 1920 1024 1993 credidit,
1065 1921 1341 1980 auxiliari
1382 1940 1550 1999 posse
1594 1923 1956 1992 viderentur,
1998 1922 2131 1993 etsi,
2177 1920 2418 2000 collegis

369 2015 663 2075 infelicior
680 2016 924 2094 aliquot,
949 2018 1100 2077 inter
1125 2019 1509 2096 magistratus
1545 2038 1658 2077 non
1690 2019 1947 2078 delectus
1978 2025 2066 2078 est
2103 2018 2264 2078 urbis
2289 2037 2419 2096 quae

370 2134 505 2173 suos
538 2134 766 2193 semper
785 2115 1066 2193 peculiari
1083 2099 1281 2175 amore
1306 2115 1476 2185 fovit,
1502 2135 1615 2176 non
1635 2122 1822 2193 potest
1846 2122 2042 2175 tamen
2066 2115 2251 2175 teneri
2277 2115 2418 2193 quin

369 2212 673 2271 occasione
700 2218 898 2272 utatur
926 2219 983 2271 et
1014 2213 1084 2271 de
1113 2212 1344 2290 legibus
1372 2231 1516 2290 quas
1541 2213 1818 2291 explicat,
1849 2233 1951 2272 seu
1977 2212 2114 2272 latis
2140 2232 2243 2272 seu
2267 2212 2418 2272 anti-

371 2309 588 2385 quatis,
611 2309 748 2385 quid
787 2309 848 2367 in
890 2310 961 2368 iis
1008 2310 1226 2368 bonum
1259 2317 1435 2387 atque
1468 2309 1610 2369 utile
1636 2311 1733 2383 sit,
1772 2311 2049 2388 disputet.
2087 2310 2262 2369 Nunc
2287 2327 2416 2387 pro-

371 2406 546 2475 fect0,
576 2406 795 2464 eversis
819 2406 935 2465 illis
975 2406 1208 2483 legibus
1242 2408 1639 2485 moribusque,
1663 2426 1999 2485 quanquam
2019 2413 2150 2484 post
2174 2405 2417 2484 longum

373 2510 599 2579 tempus
642 2507 861 2562 restant
893 2502 1179 2562 nonnulla
1226 2522 1357 2580 quae
1388 2510 1532 2564 aetas
1573 2510 1772 2563 nostra
1806 2503 2160 2581 corrigenda
2192 2502 2418 2581 accepit

370 2600 698 2676 futuraeque
722 2599 887 2658 aetati
904 2600 1255 2677 corrigenda
1280 2601 1569 2660 traditura
1594 2606 1705 2670 est,
1743 2605 2000 2660 attamen
2034 2600 2313 2678 plurima,
2353 2605 2418 2659 ut

372 2696 516 2754 satis
539 2695 923 2773 intellegitur,
956 2715 1157 2754 eorum
1193 2715 1324 2773 quae
1349 2698 1698 2773 Bugnonius
1740 2698 2086 2765 insectatur,
2118 2697 2177 2754 in
2206 2695 2416 2756 melius

371 2802 426 2852 et
450 2794 647 2853 laetius
675 2800 901 2852 mutata
926 2800 1084 2852 sunt.
1115 2793 1322 2852 Jacent
1347 2813 1512 2871 erg0,
1547 2802 1609 2853 ut
1627 2793 1744 2853 tela
1772 2802 1897 2872 post
1923 2813 2206 2871 pugnam,
2237 2813 2415 2870 argu-

374 2899 568 2950 menta
614 2891 734 2950 litis
765 2892 1074 2969 judicatae,
1107 2892 1289 2969 digna
1312 2910 1450 2951 vero
1478 2911 1608 2968 quae
1634 2892 2011 2970 colligantur,
2044 2893 2087 2950 si
2135 2892 2264 2969 quis
2297 2897 2414 2949 tam

372 2990 613 3066 agitatae
644 2989 835 3046 aetatis
861 2989 1169 3047 historiam
1196 2988 1495 3048 absolvere
1517 2988 1679 3047 velit.

455 3089 540 3146 De
568 3106 628 3146 re
659 3086 971 3162 judiciaria
996 3087 1343 3164 saepissime,
1377 3093 1440 3146 ut
1466 3093 1677 3145 natura
1708 3087 1965 3146 hominis
1991 3092 2048 3146 et
2069 3087 2204 3147 vitae
2228 3105 2415 3164 genus

371 3184 672 3253 suadebat,
696 3183 840 3259 egit,
871 3184 941 3240 iis
961 3184 1191 3260 quidem
1218 3184 1410 3243 verbis
1437 3203 1566 3261 quae
1596 3185 1736 3243 recti
1757 3185 2102 3261 honestique
2119 3189 2411 3242 amantem

371 3283 561 3340 virum
609 3279 927 3348 declarent,
975 3280 1183 3338 nedum
1253 3300 1321 3339 ea
1387 3280 1758 3358 indulgentia
1812 3300 1957 3358 erga
2015 3281 2161 3340 vitia
2190 3279 2412 3357 degum

370 3378 783 3454 hominumque
809 3383 1029 3447 utatur,
1060 3396 1175 3455 qua
1216 3377 1396 3455 longa
1436 3378 1797 3437 consuetudo
1830 3384 2162 3455 togatorum
2199 3377 2414 3455 saepius

412 3571 462 3608 (1)
489 3570 619 3605 Lotoe.
648 3569 720 3605 ab.
769 3578 809 3613 p.
842 3569 916 3603 214.

408 3631 457 3671 (2)
489 3630 616 3665 Μία).
639 3631 712 3664 αι).
743 3638 785 3673 1).
817 3629 893 3665 2¹¹8.
913 3626 1238 3665 Animadverte
1267 3627 1415 3662 tamen
1438 3633 1558 3669 eum,
1576 3626 1613 3662 si
1645 3625 1838 3662 honores
1856 3624 2055 3661 urbanos
2079 3624 2304 3667 ambierit,
2325 3631 2411 3661 non

365 3697 463 3725 cam
484 3688 601 3724 viam
625 3688 880 3730 ingressum
906 3695 1017 3729 esse,
1043 3694 1130 3731 qua
1154 3685 1210 3721 ad
1229 3693 1306 3722 eos
1331 3684 1584 3721 duceretur.
1605 3684 1821 3721 Videmus
1853 3684 1972 3720 enim
2000 3683 2119 3720 haud
2145 3684 2280 3721 semel
2306 3691 2409 3720 eum

364 3747 594 3784 communi
624 3746 994 3789 Lugdunensium
1022 3744 1238 3790 opinioni,
1267 3744 1396 3787 votis,
1424 3744 1682 3780 moribusve
1702 3745 1966 3788 intempeste
1991 3751 2087 3779 csse
2104 3743 2408 3786 adversatum,

365 3807 615 3852 prenset-tim
634 3814 738 3843 cum
759 3806 811 3842 de
830 3805 997 3842 vestitu
1025 3804 1169 3841 scrico
1190 3803 1308 3841 inter
1336 3812 1483 3847 regom
1510 3806 1556 3841 ct
1576 3803 1809 3841 civitatem
1835 3802 2063 3840 contentio
2087 3804 2185 3839 orta
2209 3804 2291 3840 est.
