2508 4212
1233 331 1493 382 „46-

341 473 452 533 eri-t
491 472 552 530 in
578 470 874 541 curiiS‚-ut
905 466 1117 544 cuique
1159 463 1250 526 vel
1283 468 1580 527 suadendi·
1594 467 1706 528 vel
1731 468 2110 529 dissuadendi
2149 467 2388 527 licentia

341 569 529 637 detur,
559 565 920 644 exploratius
961 570 1106 635 tum,
1146 563 1429 623 incolumi
1454 565 1593 642 jure
1633 566 1852 625 civium
1894 572 1951 625 et
1992 585 2099 624 sua
2132 565 2383 623 auctori-

342 672 480 736 tate,
508 665 778 742 princeps
809 662 1080 720 decernet
1113 661 1227 734 (l).

421 761 588 827 Quod
658 760 707 818 si
778 758 905 834 regi
973 757 1453 818 consuetudinem
1500 760 1629 838 jam
1659 807 1664 813 .
1690 760 2078 819 inveteratam
2146 779 2383 820 servare

338 857 610 935 placebit,
650 862 706 913 et
730 853 965 931 proprio
998 853 1240 911 arbitrio
1266 853 1459 929 legem
1492 861 1683 914 ratam
1710 875 1834 914 esse
1851 857 2084 933 jubere,
2114 856 2176 914 in
2194 856 2384 916 consi-

343 952 487 1011 lium
527 952 732 1010 saltem
774 950 1066 1027 privatum
1106 948 1517 1027 publicumque
1557 951 1942 1029 peritissimos
1991 949 2383 1030 honestosque

342 1053 497 1109 viros
546 1049 810 1116 advocet,
865 1047 1068 1124 ejectis
1107 1052 1193 1105 tot
1247 1048 1575 1124 peregrinis
1617 1055 1719 1108 aut
1767 1049 2102 1108 domesticis
2146 1048 2378 1118 aulicis,

341 1149 548 1227 patriae
574 1145 968 1214 helluonibUS‚
1006 1145 1103 1221 qui
1139 1164 1263 1203 sese
1281 1146 1606 1219 insinuant,
1631 1147 1920 1218 ambiunt,
1951 1152 2304 1224 grassantur
2328 1152 2386 1206 et

341 1244 531 1304 verbis
563 1249 620 1301 et
652 1242 930 1318 obsequio
964 1241 1323 1318 principibus
1371 1247 1436 1300 ut
1460 1242 1569 1300 sibi
1610 1262 1858 1302 munera
1896 1250 1954 1302 et
1994 1242 2214 1313 officia,
2253 1261 2383 1320 quae

340 1341 549 1400 melius
573 1345 722 1398 esset
746 1339 945 1397 doctos
970 1337 1326 1414 idoneosque
1354 1337 1595 1397 utilitati
1629 1339 1877 1417 publicae
1902 1358 2195 1409 exercere,
2212 1339 2382 1398 ¹obti-

340 1444 538 1510 neant,
577 1442 678 1495 aut
709 1435 921 1494 aerario
955 1433 1185 1511 publico
1225 1434 1538 1494 avaritiam
1586 1435 1860 1513 expleant
1885 1436 1997 1514 (2).
2043 1436 2274 1496 Amotis
2289 1437 2383 1495 his

336 1535 595 1614 pestibus
639 1532 989 1592 necessariae
1027 1531 1212 1608 legeS,
1250 1551 1396 1609 quas
1446 1551 1613 1610 reges
1644 1532 1859 1611 populo
1899 1538 1957 1592 et
2001 1533 2141 1594 dare
2173 1535 2384 1594 debent

337 1639 394 1691 et
441 1651 540 1691 eas
573 1631 807 1708 quidem
839 1629 1088 1707 optimas
1134 1647 1239 1706 pro
1288 1648 1392 1687 suo
1431 1628 1493 1686 in
1548 1648 1683 1689 eum
1723 1648 1922 1688 amore
1970 1630 2110 1691 dare
2153 1630 2377 1701 volunt,

337 1728 604 1789 celeriter
635 1727 965 1787 scribentur
985 1731 1043 1784 et
1068 1726 1303 1803 scriptae
1333 1726 1744 1786 servabuntur.

417 1825 634 1891 Quales
690 1830 884 1884 autem
931 1822 1284 1899 Bugnonius
1342 1823 1412 1881 de
1462 1823 1635 1882 rebus
1683 1823 1805 1883 fere
1852 1823 2179 1884 innumeris
2239 1843 2383 1902 quas

337 1922 634 1991 tractavit,
685 1920 794 1978 has
834 1938 961 1978 esse
1009 1917 1279 1991 voluerit,
1311 1919 1605 1996 explicare
1644 1919 1791 1977 mihi
1823 1938 1938 1978 non
1978 1939 2230 1980 vacuum
2269 1928 2378 1991 est,

337 2019 488 2098 quod
514 2019 562 2077 si
596 2015 688 2076 vel
713 2017 920 2075 leviter
943 2015 1367 2094 praestringere
1400 2015 1598 2087 velim,
1627 2016 1863 2075 libellus
1887 2017 1985 2075 hic
2018 2016 2273 2076 deficiat.
2303 2017 2386 2077 Ut

336 2116 539 2194 paucis
589 2113 909 2184 absolvam,
955 2113 1039 2171 rei
1083 2112 1333 2190 publicae
1366 2111 1684 2190 plurimum
1710 2112 1993 2172 interesse
2025 2114 2383 2174 existimavit

336 2233 507 2273 suum
564 2231 851 2289 quemque
905 2216 1131 2269 certum
1187 2208 1381 2268 locum
1428 2217 1624 2269 tenere
1679 2230 1786 2270 nec
1841 2210 2033 2269 ordini
2090 2213 2381 2272 senatorio

335 2317 683 2388 equestrem,
708 2308 993 2367 militibus
1023 2312 1374 2366 mercatores
1395 2308 1476 2366 ita
1500 2308 1735 2367 misceri
1764 2314 1825 2367 ut
1854 2327 1924 2367 ne
1957 2314 2117 2368 veste
2142 2309 2375 2386 quidem

334 2408 744 2466 discernantur
770 2405 882 2483 (3).
1581 2461 1583 2464 .

414 2505 847 2580 Restinguatur
872 2501 1080 2561 deinde
1108 2502 1241 2560 haec
1266 2502 1500 2560 insania
1531 2501 1731 2572 luxuS,
1764 2520 1896 2578 quae
1914 2502 2264 2579 jamdudum
2297 2503 2382 2562 ita

333 2602 478 2660 furit
518 2608 582 2660 ut
625 2597 937 2675 unicuique
984 2621 1012 2654 «
1055 2599 1275 2658 victum
1315 2599 1695 2676 habitumque
1743 2600 2108 2676 superiorum
2158 2600 2381 2659 ambire

332 2699 575 2758 suadeat
628 2722 653 2750 »
716 2703 773 2756 et
822 2715 1143 2774 purpuram
1198 2721 1223 2750 «
1275 2716 1451 2773 quam
1501 2695 1640 2755 olim
1696 2695 2035 2755 Alexander
2083 2697 2193 2755 sibi
2258 2697 2379 2757 fere

252 2839 255 2844 ,
332 2796 675 2873 prohibebat
695 2792 776 2873 (4)
816 2817 870 2863 »,
895 2794 994 2852 diu
1013 2794 1459 2871 magistratibus
1477 2799 1792 2864 servatam,
1831 2794 2164 2871 sericasque
2190 2800 2378 2853 vestes

332 2894 585 2970 operarii
611 2892 880 2962 induant,
912 2897 990 2961 et,
1017 2890 1109 2950 vel
1135 2891 1195 2948 in
1222 2891 1481 2949 tabernis
1505 2896 1562 2949 et
1586 2891 1869 2968 cauponis
1891 2909 2021 2967 quae
2035 2890 2185 2949 nihil
2218 2890 2378 2950 aliud

333 2990 447 3049 nisi
507 2989 957 3068 peregrinorum
1006 2988 1261 3066 hospitia
1308 3007 1433 3047 esse
1481 2988 1778 3058 deberent,
1827 2987 1921 3046 vel
1967 2988 2027 3046 in
2079 2987 2378 3048 aleatoriis

381 3179 438 3234 (l)
469 3182 551 3229 lb„
583 3179 645 3220 18:
676 3195 696 3218 α
722 3180 776 3221 Je
798 3180 944 3221 serois
971 3178 1203 3232 d'opinion
1233 3178 1469 3231 qu’estans
1489 3178 1556 3219 les
1571 3177 1815 3220 memoires
1845 3178 2030 3220 dressez
2048 3190 2165 3232 pour
2187 3179 2379 3222 establit·

331 3247 412 3287 des
440 3245 533 3287 loix
563 3258 617 3286 en
637 3257 685 3287 ce
705 3246 942 3298 Royaume
968 3245 1095 3286 selon
1115 3246 1362 3297 l’exigence
1383 3244 1463 3285 des
1484 3254 1561 3285 cas
1576 3247 1618 3285 et
1632 3256 1720 3296 que
1739 3244 1781 3285 16
1800 3247 1947 3297 temps
1969 3244 2009 3286 le
2027 3246 2134 3298 peut
2154 3247 2376 3299 requei-ir,

334 3325 494 3366 cayers
520 3318 562 3354 et
591 3312 743 3366 copies
772 3313 947 3354 d'iceux
967 3313 1067 3353 leur
1088 3312 1270 3353 fussent
1292 3323 1534 3365 envoyees,
1553 3315 1595 3352 et
1621 3311 1647 3351 a
1672 3311 1845 3352 chacun
1862 3311 1942 3352 des
1960 3312 2239 3365 parlaments
2261 3324 2378 3366 pour

332 3392 361 3432 y
398 3381 511 3422 faire
553 3380 679 3422 telles
726 3380 1049 3431 declarations,
1103 3379 1413 3421 moderations
1468 3381 1511 3419 et
1556 3381 1922 3420 remonstrances
1973 3390 2062 3431 que
2103 3379 2158 3420 de
2204 3380 2376 3430 raison,

331 3448 578 3501 lesquelles
601 3460 739 3490 veues
762 3449 829 3488 fut
857 3451 1193 3501 promptement
1217 3458 1438 3500 pourveu,
1465 3447 1491 3487 a
1520 3448 1582 3487 fin
1609 3459 1697 3499 que
1719 3447 1912 3488 d'eslors
1933 3458 1989 3488 en
2013 3458 2148 3500 apres
2169 3447 2203 3488 il
2232 3459 2288 3489 ne
2309 3448 2377 3488 fut

331 3516 435 3569 plus
459 3516 512 3554 de
543 3516 700 3557 besoin
727 3528 813 3567 que
844 3516 897 3556 de
917 3515 1098 3568 publier
1123 3519 1308 3568 partout
1334 3515 1379 3555 la
1407 3514 1591 3555 volonte
1616 3514 1677 3554 du
1699 3514 1813 3567 Roy.
1846 3527 1867 3553 ι

386 3582 445 3634 (2)
466 3585 710 3622 Ιίεηιοηκι.
739 3596 838 3623 ιιιιω
863 3585 1035 3633 Encas,
1060 3595 1103 3634 p.
1126 3581 1167 3632 7,
1195 3581 1236 3631 9,
1269 3580 1340 3630 10,·
1368 3582 1560 3623 Conseil
1579 3581 1734 3633 polit„
1764 3582 1810 3622 in
1835 3582 1958 3623 Loioe
1979 3584 2083 3624 abr.
2111 3595 2159 3635 p.
2186 3581 2282 3625 480.

386 3650 444 3699 (3)
469 3649 557 3697 lb„
588 3649 612 3688 7
642 3652 695 3695 1-0,
728 3650 777 3690 10
800 3656 860 3689 v0.
884 3652 1000 3690 ord.
1036 3652 1182 3697 mois,
1210 3661 1253 3701 p.
1285 3648 1362 3690 132
1382 3651 1425 3689 et
1452 3659 1548 3700 seq.

386 3718 441 3765 (4)
464 3717 573 3756 Ord.
600 3718 771 3765 Mozcl„
804 3717 898 3763 130,
928 3719 1153 3758 Discomas·
1179 3729 1267 3757 sur
1296 3717 1466 3757 l'atour
1492 3719 1549 3757 de
1578 3715 1778 3767 velouae,·
1799 3722 1997 3759 sonnets
2036 3719 2181 3758 dorez
2201 3729 2219 3768 ,·
2253 3717 2374 3758 Loioe

334 3781 439 3823 abr.
476 3783 566 3831 133,
592 3783 685 3833 303,
715 3784 810 3824 319.
