2508 4212
973 719 1232 778 CAPUT
1277 721 1351 778 V.

542 1013 815 1058 QUOMODO
858 1014 935 1054 AB
978 1013 1048 1052 EO
1093 1013 1378 1052 SYNTAXIS
1423 1007 1652 1054 EVERSA'
1696 1015 1783 1054 SIT

240 1223 388 1284 Haec
410 1223 480 1282 de
505 1223 823 1282 vocabulis.
848 1223 979 1281 Jam
1008 1224 1148 1281 mihi
1175 1224 1373 1282 videor
1408 1225 1548 1282 satis
1573 1223 1914 1301 explicasse,
1939 1243 2051 1281 non
2087 1224 2185 1299 qui

134 1316 337 1379 vfuerit
386 1338 453 1378 eo
493 1326 746 1396 tempore
793 1319 1016 1399 linguae
1058 1325 1271 1377 nostrae
1314 1319 1623 1378 thesaurus
1671 1322 1880 1396 (neque
1926 1319 2080 1378 enim
2129 1319 2187 1375 id

161 1416 310 1475 mihi
343 1417 702 1493 propositum
746 1419 918 1489 erat),
956 1415 1054 1472 sed
1101 1415 1236 1490 quid
1281 1415 1339 1472 in
1379 1416 1691 1492 Bugnonio
1733 1417 2046 1474 notandum
2088 1413 2184 1483 sit,
2218 1431 2223 1436 ·

102 1539 105 1541 ·
163 1511 302 1590 quid
335 1512 444 1570 sibi
478 1512 774 1589 proprium
805 1512 862 1568 in
904 1511 1206 1569 verborum
1248 1510 1473 1570 delectu
1514 1531 1583 1570 ac
1623 1513 1914 1588 peculiare
1953 1513 2185 1571 habeat.

164 1607 244 1666 At
297 1625 412 1665 non
466 1626 538 1665 ex
594 1606 846 1682 singulis
902 1607 1090 1664 verbis
1146 1612 1368 1664 constat
1413 1608 1620 1679 oratiO,
1674 1626 1774 1666 seu
1823 1606 2035 1677 soluta,
2088 1626 2191 1666 seu

166 1701 422 1763 numeris
465 1703 679 1770 vincta,
718 1703 813 1760 sed
866 1721 936 1759 ex
979 1702 1233 1778 plurium
1281 1701 1585 1778 complexu
1633 1722 1700 1760 ac
1749 1703 2185 1780 compositione.

165 1800 254 1860 Ad
283 1819 457 1878 quam
485 1800 660 1858 etiam
688 1818 920 1857 necesse
952 1806 1037 1856 est
1062 1819 1121 1856 se
1140 1807 1347 1870 vertat,
1379 1802 1426 1857 si
1463 1799 1601 1858 velit
1633 1807 1839 1858 cuncta
1865 1819 2186 1870 recensere,

167 1895 606 1973 grammaticus
637 1895 765 1954 Non
809 1902 1002 1953 autem
1036 1895 1180 1952 mihi
1222 1897 1411 1971 magis
1452 1895 1509 1952 in
1543 1896 1741 1954 animo
1772 1902 1881 1966 est,
1926 1897 2075 1973 quod
2117 1896 2191 1954 ad

166 1992 438 2071 syntaxin
467 1992 693 2060 attinet,
716 2010 784 2049 ea
811 1988 1104 2067 colligere,
1130 2010 1277 2066 quae,
1309 1992 1600 2048 communi
1623 1992 1751 2049 usui
1778 1999 2185 2062 consentanea,

158 2089 506 2167 jamdudum
552 2108 623 2147 ex
671 2087 917 2146 aliorum
973 2106 1040 2144 ac
1088 2088 1558 2163 praestantiorum
1607 2087 1838 2164 scriptis
1884 2090 2192 2148 manifesta

168 2191 325 2246 sunt.
354 2186 505 2252 Quid
524 2186 677 2245 enim
701 2185 771 2243 de
792 2185 1226 2261 participiorum
1253 2203 1384 2242 cum
1411 2185 1741 2243 nominibus
1760 2186 2185 2259 convenientia,

169 2282 387 2360 quidde
403 2281 687 2341 infinitivo
706 2282 932 2357 autconj
945 2280 1199 2347 unctivo‚
1218 2269 1357 2356 quid
1375 2281 1444 2339 de
1465 2281 1967 2358 praepositionibus
1981 2284 2192 2359 possim

171 2378 399 2450 afferre,
429 2379 580 2456 quod
615 2398 727 2436 non
754 2377 924 2455 plane
952 2384 1150 2436 notum
1170 2376 1279 2434 sit‘.2
1306 2378 1441 2435 Jam
1459 2384 1688 2436 constat
1710 2397 1842 2454 quae
1866 2385 1984 2437 tum
2018 2381 2195 2439 tuerit

170 2475 288 2548 lex,
325 2481 448 2545 aut,
480 2482 540 2534 ut
573 2475 778 2533 melius
818 2475 1030 2542 dicam,
1071 2493 1208 2532 usus
1241 2474 1487 2531 dicendi.
1520 2475 1650 2550 Ego
1690 2493 1826 2532 vero
1859 2494 1928 2534 ea
1967 2483 2194 2535 tantum

171 2572 632 2631 animadvertam
658 2590 790 2647 quae
831 2572 887 2628 in
924 2576 1118 2628 nostro
1147 2589 1182 2628 a
1204 2570 1624 2629 consuetudine
1647 2571 1986 2642 abhorrent,
2010 2592 2197 2650 pauca

173 2668 425 2747 quidem,
455 2668 554 2727 sed
585 2686 714 2744 quae
738 2668 879 2725 satis
914 2672 1230 2724 monstrent
1254 2672 1480 2742 'quanta
1505 2666 1773 2726 libertate
1798 2667 1907 2726 sibi
1942 2669 2197 2728 soloecis-

174 2784 300 2825 mos
327 2765 671 2843 permiserit.

620 3023 680 3066 A.
710 3045 763 3053 --
791 3017 884 3066 DE
927 3018 1347 3067 PARTICIPIIS
1381 3019 1762 3067 ABSOLUTIS

261 3182 557 3242 Interdum
585 3182 758 3241 Saeva
789 3181 1051 3240 absoluto
1077 3182 1349 3251 ablativ0‚
1391 3203 1546 3244 more
1579 3185 1780 3256 latinO,
1814 3187 2033 3245 utitur:

379 3299 720 3350 Continuant
746 3302 852 3364 toy,
883 3298 932 3347 le
959 3298 1088 3349 bien
1117 3298 1185 3348 de
1212 3314 1341 3349 mon
1372 3301 1483 3350 mal

379 3382 428 3432 A
450 3380 739 3444 t’exercer,
767 3393 984 3430 comme
1011 3380 1124 3429 mal
1152 3379 1220 3429 de
1247 3380 1374 3431 mon
1401 3383 1563 3436 bien:

380 3462 494 3526 J’ay
519 3460 756 3522 observe
786 3474 926 3524 pour
957 3461 1130 3518 veoi1·‚
1163 3476 1231 3510 ou
1258 3462 1407 3524 bien,
1438 3478 1509 3513 ou
1536 3466 1646 3514 mal

382 3544 438 3596 Si
462 3557 592 3593 mon
617 3541 830 3593 service
857 3556 924 3592 en
950 3545 1043 3606 toy
1068 3543 1290 3593 militoit
1315 3545 1443 3595 bien
1469 3547 1653 3606 (LXV,
1684 3561 1736 3610 p.
1767 3546 1871 3610 33).
1899 3547 1974 3612 (1)

269 3647 434 3713 Quod
459 3646 637 3705 latine
662 3652 886 3704 vertas:
923 3652 981 3719 te
1007 3658 1300 3722 pergente.

241 3793 622 3858 (1)Cr.'Lxx111‚
644 3815 690 3856 p.
714 3802 971 3844 37etP011t.
999 3803 1191 3855 marci„
1222 3807 1300 3845 Er.
1338 3807 1443 3845 Am.
1474 3806 1518 3855 1,·
1548 3819 1595 3859 p.
1623 3807 1690 3848 11.
