2508 4212
1160 322 1390 372 -·-6—

264 470 320 521 et
376 462 475 520 ille
537 461 799 518 Auratus
855 456 987 525 fuit,
1041 454 1140 531 qui
1189 453 1391 512 eodem
1428 454 1548 513 fere
1602 460 1861 533 tempore
1912 457 2290 519 Ronsardum

258 559 498 635 ejusque
519 555 940 614 commilitones
965 552 1236 630 antiquas
1261 550 1487 609 litteras
1520 551 1783 611 docebat.

337 655 496 721 Inde,
535 671 669 712 cum
710 671 782 709 ex
822 648 1123 724 Bugnonii
1167 647 1431 706 versibus
1466 647 1735 706 nonnihil
1784 667 1880 707 ars
1920 650 2291 711 Ronsardica

250 750 529 819 redoleat,
597 746 974 824 quaerendum
1045 762 1173 802 esse
1244 744 1495 813 videtur,
1565 745 1715 820 quod
1785 746 2021 822 quidem
2093 755 2290 807 nostra

251 848 503 906 maxime
545 847 807 912 interest,
854 860 993 900 num
1043 842 1100 898 in
1141 840 1346 898 eodem
1382 841 1519 899 ludo
1573 842 1730 899 obvii
1777 843 1927 902 inter
1983 844 2290 922 sealiqua

245 943 663 1002 consuetudine
727 938 1024 1016 conjuncti
1081 937 1320 995 fuerint.
1384 938 1586 995 Primo
1647 945 1886 1016 aspectu
1939 947 2297 1018 argumento⁴

246 1040 385 1098 huic
439 1039 789 1120 conjecturae
847 1035 1074 1094 videtur
1128 1053 1276 1104 esse,
1330 1034 1490 1110 quod
1562 1035 1910 1111 Bugnonius
1967 1037 2286 1096 orationem

247 1136 782 1195 numerisvinctam
809 1153 842 1190 a
878 1131 1105 1190 Bellaio
1139 1129 1424 1199 relictam,
1458 1131 1578 1190 suis
1614 1133 1879 1191 versibus
1921 1135 2291 1194 commenda-

247 1240 393 1302 tam,
423 1233 677 1310 primum
703 1230 885 1289 edidit
909 1230 1022 1306 (l).
2287 1216 2290 1219 ’

296 1395 354 1444 (1)
395 1395 538 1434 Docte
573 1399 617 1434 et
664 1392 909 1442 sinqulier·
952 1391 1179 1430 Dis-coms
1223 1401 1311 1430 sur
1340 1391 1407 1430 les
1438 1395 1610 1441 quatre
1652 1396 1795 1431 estate
1843 1393 1910 1431 du
1956 1394 2206 1443 Royaume
2242 1395 2295 1433 de

245 1465 442 1511 France,
476 1461 779 1511 deploration
805 1465 846 1499 et
874 1459 1100 1501 calamiae
1121 1461 1189 1498 du
1215 1463 1364 1508 temps
1393 1463 1585 1508 present
1607 1458 1819 1510 compose
1834 1471 1916 1510 par
1945 1459 2021 1499 feu
2037 1460 2194 1500 Joach.
2226 1459 2289 1501 du

244 1530 415 1582 Bellay‚
443 1528 770 1581 gentilhomme
798 1526 1004 1578 Angevin
1045 1528 1089 1565 et
1113 1525 1336 1566 excellent
1373 1530 1503 1576 poete
1539 1526 1752 1575 francois.
1779 1525 1923 1577 Lyon,
1951 1525 2062 1566 Ben.
2096 1527 2294 1580 Rigaud,

242 1597 361 1638 1567.
394 1596 556 1636 Exstat
578 1597 621 1636 in
648 1595 750 1635 Bib.
783 1593 948 1646 Lugd.,
972 1593 1077 1633 Rec.
1101 1595 1217 1640 vert,
1238 1593 1295 1639 ΙΙ,
1324 1591 1391 1632 22.
1422 1593 1471 1631 1η
1503 1594 1628 1644 tergo
1670 1593 1849 1644 paginae
1883 1593 2044 1645 primae
2065 1594 2277 1646 Bugnoni

243 1675 426 1705 carmen
452 1662 829 1715 francogallicum
851 1661 950 1713 (ΧΠ
974 1660 1157 1707 versus)
1175 1659 1404 1708 invenias,
1427 1659 1550 1711 quod
1572 1660 1759 1712 incipit:

558 1737 687 1788 Syre,
713 1738 866 1777 vostre
889 1746 1107 1786 royaume
1128 1746 1154 1774 a
1174 1734 1268 1774 este
1294 1733 1585 1774 florissant...

243 1811 291 1852 in
312 1811 651 1852 commentariis
687 1810 740 1851 de
769 1809 913 1850 edicto
941 1808 1187 1850 Molinensi
1209 1809 1373 1848 iterum
1404 1807 1691 1860 abscriptum
1711 1810 1831 1861 (pag.
1854 1808 1969 1861 264).
2001 1809 2054 1849 In
2099 1811 2301 1850 extrema

247 1879 417 1931 pagina
457 1889 642 1918 versum
674 1877 855 1917 Horatii
883 1890 903 1914 ι(
937 1875 1062 1917 Coelo
1088 1887 1221 1915 musa
1248 1875 1350 1914 beat
1375 1890 1395 1912 »ι
1423 1874 1688 1926 Bugnonius
1709 1876 1874 1916 vertit:

532 1986 535 1994 .,
610 1952 700 1992 Les
723 1962 883 1991 muses
907 1951 1045 1990 tirent
1066 1950 1127 1989 du
1153 1949 1368 1990 tombeau

610 2020 702 2059 Des
731 2018 884 2059 doctes
909 2017 952 2058 le
981 2017 1110 2057 divin
1131 2020 1365 2068 troupeau.

297 2095 448 2146 Digna
470 2096 538 2134 est
565 2094 659 2134 haec
696 2092 835 2133 editio
866 2104 966 2145 quae
997 2094 1220 2133 attentum
1262 2094 1458 2138 moveat,
1499 2090 1539 2130 si
1570 2090 1676 2143 quis
1711 2102 1877 2131 rursus
1917 2090 2077 2131 Bellaii
2114 2100 2298 2131 carmen

246 2160 380 2201 edere
405 2161 529 2200 velit.
554 2161 752 2201 Plurimi
789 2160 912 2200 enim
947 2170 1114 2200 versus
1146 2160 1203 2198 ab
1238 2158 1298 2198 iis
1328 2168 1446 2210 quos
1471 2157 1599 2209 legas
1617 2160 1660 2198 et
1689 2158 1735 2198 in
1764 2157 1997 2198 veteribus
2028 2157 2296 2209 impressio·

249 2229 388 2269 nibus
423 2233 466 2269 et
502 2228 549 2268 in
588 2227 787 2268 editione
834 2238 860 2266 a
900 2226 1298 2278 Marty-lLaveaux
1339 2225 1447 2264 data
1489 2224 1754 2271 abhorrent,
1786 2237 1869 2265 seu
1912 2236 2004 2265 uno
2035 2224 2175 2264 verbo
2216 2235 2299 2264 seu

250 2295 480 2346 pluribus.
503 2295 543 2334 V
563 2308 571 2334 :
595 2306 720 2334 vers.
745 2295 784 2338 6.
807 2293 872 2343 32,
891 2293 956 2339 41,
977 2292 1044 2339 62,
1066 2292 1156 2340 105,
1177 2291 1268 2341 113,
1286 2291 1376 2334 135.
1398 2291 1491 2337 146,
1518 2290 1611 2340 216,
1637 2291 1733 2340 219,
1757 2290 1850 2339 247,
1870 2290 1962 2339 248,
1984 2290 2076 2339 267,
2097 2290 2189 2338 278,
2203 2289 2296 2337 296,

249 2363 342 2411 304,
368 2362 461 2411 310,
480 2361 683 2412 328313,
709 2361 801 2409 344,
828 2360 919 2407 366,
961 2360 1052 2407 379,
1076 2359 1168 2408 399,
1199 2358 1290 2407 441,
1321 2358 1412 2406 448,
1444 2357 1536 2406 482,
1575 2357 1669 2407 487,
1706 2357 1798 2408 489,
1833 2357 1926 2405 504,
1963 2357 2057 2404 508,
2082 2356 2175 2405 533,
2205 2354 2298 2402 578,

250 2431 344 2479 595,
371 2430 449 2471 597
470 2432 512 2469 et
538 2440 632 2480 seq.
660 2428 753 2469 636.

301 2504 399 2546 Non
433 2503 557 2556 quod
592 2501 819 2554 Bugnonii
845 2512 961 2553 opus
1006 2504 1054 2540 ut
1094 2499 1363 2540 absolutum
1411 2499 1544 2551 sequi
1589 2500 1763 2551 possis.
1801 2499 1899 2540 Imo
1939 2497 2155 2539 mediocri
2190 2507 2302 2538 cura

254 2575 507 2612 correctum
556 2582 659 2611 esse
701 2569 911 2622 plurimae
956 2567 1131 2608 mendae
1175 2570 1422 2608 testantur.
1468 2567 1528 2617 (v.
1573 2577 1645 2618 gr.
1685 2578 1734 2618 p.
1775 2567 1818 2613 6.
1844 2566 1969 2606 v.=5:
2009 2564 2225 2617 seigneur
2251 2579 2303 2601 =

255 2639 498 2691 soigneux3
531 2638 609 2691 qui
637 2637 695 2677 du
717 2636 864 2676 fertile
894 2634 1004 2675 rend
1031 2651 1082 2670 =
1113 2635 1189 2686 qui
1221 2633 1462 2674 d’infertile
1489 2633 1625 2682 rend3
1650 2633 1711 2673 cf.
1746 2645 1794 2673 v.
1821 2633 1910 2684 95).
1956 2621 1961 2625 ⁵

308 2706 484 2758 Saepius
506 2704 668 2746 deinde
689 2703 909 2744 articulos
939 2704 1018 2741 aut
1046 2702 1320 2754 pronomina
1352 2713 1436 2742 suo
1466 2712 1591 2741 more
1617 2701 1774 2741 omisit
1794 2700 2063 2753 Bugnonius
2088 2706 2156 2752 (ν.
2188 2711 2296 2752 pag·

256 2773 296 2821 4,
317 2785 366 2812 v.
399 2772 479 2813 32:
508 2772 678 2824 duquel
705 2775 831 2811 tenez
847 2785 900 2807 =
924 2769 1036 2810 dont
1056 2779 1172 2810 vous
1191 2771 1341 2818 tenez3
1369 2768 1424 2809 cf.
1447 2780 1492 2820 p.
1518 2768 1544 2807 6
1562 2778 1746 2808 versum
1766 2767 1950 2816 tertium
1974 2777 2002 2808 a
2018 2766 2152 2818 fine.)

311 2862 367 2902 Et
388 2863 547 2916 inepte
567 2861 752 2914 quidem
783 2859 972 2912 scripsit
992 2873 1001 2907 ;

554 2984 555 2987 Ἰ
624 2935 832 2978 Gardera
862 2946 949 2987 que
972 2936 1017 2975 la
1043 2945 1147 2975 mer
1167 2934 1454 2974 maintenant
1481 2932 1738 2974 escossoise

623 3003 692 3043 En
719 3005 910 3054 passant
937 3001 1118 3043 l’Ocean
1135 3012 1190 3041 ne
1206 3000 1428 3041 devienne
1458 2999 1704 3049 francnise.

318 3079 458 3131 Lege:
487 3079 529 3118 le
555 3078 674 3117 mal.
693 3106 728 3116 ..
762 3076 1058 3117 escossois...
1094 3076 1333 3125 franpois.

315 3153 413 3193 Imo
433 3152 771 3204 quinquaginta
788 3162 952 3191 versus
974 3150 1182 3199 (699-749)
1203 3151 1283 3189 aut
1307 3148 1586 3200 negligentia
1607 3148 1766 3188 omisit
1790 3151 1869 3187 aut
1897 3148 2103 3188 sustulit.

316 3222 372 3260 At
398 3222 556 3260 contra
578 3218 770 3259 feliciter
792 3217 970 3270 aliquot
998 3229 1161 3258 versus
1187 3216 1410 3256 restituit.
1441 3214 1557 3255 Vide
1576 3227 1618 3267 p,
1639 3214 1703 3264 14,
1730 3213 1890 3256 Bellaii
1913 3214 2016 3255 335:

626 3286 760 3326 Imite
782 3285 913 3333 donc,
941 3286 965 3325 ὸ
987 3286 1099 3337 Roy,
1129 3283 1366 3336 l'exernple
1384 3283 1447 3323 du
1477 3283 1565 3323 bon
1592 3294 1698 3336 pere

314 3353 444 3405 Apud
470 3353 618 3394 alios:
647 3353 781 3392 Imite
803 3352 965 3404 doncq’
992 3353 1031 3392 le
1062 3352 1175 3403 Roy‚
1197 3350 1432 3403 l’exemple
1454 3349 1514 3390 du
1535 3349 1624 3390 bon
1645 3360 1752 3402 pere

317 3420 386 3463 Cf.
419 3433 466 3471 p.
501 3420 565 3467 19,
593 3433 637 3460 v.
669 3419 889 3466 468,502:

734 3495 852 3535 Sans
875 3494 1140 3535 rechercher
1165 3494 1269 3546 plus
1289 3493 1413 3543 loing

630 3562 811 3602 L'Estat
840 3562 892 3602 de
915 3562 1225 3611 1'A11emaigne
1252 3563 1294 3600 et
1323 3560 1383 3600 du
1403 3570 1537 3610 regne
1563 3557 1808 3598 escossois.

320 3638 446 3689 Apud
477 3638 620 3677 alios:
643 3640 683 3676 ct
702 3637 755 3676 ‹lc
775 3640 928 3677 vostre
953 3637 1199 3677 escossoiS.

317 3705 516 3744 Tandem
557 3703 673 3743 duos
708 3716 871 3743 versus
903 3704 981 3755 qui
1024 3705 1068 3743 in
1106 3702 1338 3743 veteribus
1366 3700 1648 3742 editionibus
1687 3698 1852 3739 desunt
1882 3697 2101 3747 restituit,
2142 3708 2223 3739 seu
2258 3700 2303 3740 in

269 3773 420 3814 codice
447 3783 523 3813 eos
544 3772 664 3823 legit,
691 3783 773 3812 scu
791 3771 887 3825 ipse
916 3771 1043 3811 [inxit
1071 3769 1244 3812 483-484
1272 3769 1400 3822 (Bug.
1429 3780 1537 3823 pag.
1565 3766 1632 3818 20,
1662 3765 1818 3807 Bellaii
1847 3776 1948 3818 pag.
1977 3763 2091 3816 503).
