2508 4212
1154 313 1415 369 —78--⁴

262 461 473 518 'versus
505 458 562 517 in
599 460 847 518 obscura
864 466 965 518 aut
991 448 1192 536 putida
1217 467 1318 520 aut
1353 459 1611 537 sordida,
1636 464 1833 525 Icareo
1861 483 2116 545 praeceps
2145 486 2305 539 casu,

267 556 619 615 concideret.

345 662 612 720 Ceterum
645 662 693 718 si
727 659 831 718 illa
863 679 1070 737 aspera
1099 665 1177 729 et,
1208 661 1438 720 etiamsi
1465 669 1600 722 sunt
1625 650 1805 737 culta,
1844 665 2083 725 incultis
2116 667 2309 725 horri-

265 759 429 816 diora
463 776 799 834 percurrere
831 755 994 826 libet,
1033 756 1250 816 multus
1275 764 1330 819 te
1356 774 1552 818 manet
1577 760 1742 819 labor
1765 763 2107 839 priusquam
2130 782 2308 842 prope

265 855 370 912 hos
402 854 588 912 fontes
614 854 901 930 quiescam,
932 871 1096 911 raros
1122 854 1377 934 quidem,
1403 874 1511 915 nec
1543 858 1641 933 qui
1666 857 1826 916 sitim
1852 859 2145 935 expleant.

343 959 519 1016 Deest
544 958 795 1034 primum
822 957 942 1015 fere
975 958 1212 1015 omnino
1237 977 1536 1029 numeruS,
1567 962 1719 1037 quod
1755 962 1898 1020 satis
1933 963 2308 1022 manifestum

261 1056 496 1123 faciam,
558 1055 634 1128 si>
663 1054 767 1111 tibi
803 1053 992 1131 legem
1051 1054 1239 1124 illam,
1298 1056 1477 1114 totius
1528 1056 1972 1135 francogallicae
2013 1060 2157 1119 artis
2191 1080 2307 1119 me-

261 1153 426 1211 tricae
474 1151 827 1229 principium
891 1156 1083 1227 atque,
1129 1157 1192 1209 ut
1240 1152 1322 1210 ita
1368 1153 1582 1224 dicam,
1636 1154 1925 1224 columen,
1980 1156 2309 1232 neglexisse

260 1249 639 1324 Bugnonium
659 1247 987 1318 ostendero,
1015 1266 1147 1325 quae
1170 1268 1370 1308 versus
1403 1251 1602 1309 ambos
1643 1251 1703 1309 in
1729 1252 1990 1311 eamdem
2019 1252 2308 1331 syllabam

260 1347 423 1404 exire
441 1345 612 1422 jubet
650 1363 662 1403 :

568 1507 766 1570 Quand
783 1506 837 1572 je
865 1507 916 1557 la
942 1520 1049 1571 voy
1072 1508 1242 1570 paree
1270 1507 1339 1558 de
1366 1522 1471 1558 son
1497 1509 1664 1574 crepe

560 1593 621 1640 Je
648 1603 736 1640 me
762 1589 936 1653 reduy
967 1593 1020 1639 et
1048 1603 1295 1654 revoque
1322 1604 1390 1640 en
1416 1591 1692 1642 memoire

557 1675 635 1722 La
662 1671 898 1736 majeste
926 1671 996 1722 de
1023 1671 1178 1721 Polia
1202 1672 1413 1723 rendue

555 1755 663 1805 Son
689 1751 981 1818 Polyphile
1009 1752 1225 1814 absent,
1258 1753 1579 1816 religieuse.
1610 1756 1859 1819 XXVIII,
1892 1756 1968 1806 25.

557 1884 716 1950 Ay·je
745 1885 979 1949 expulse
1001 1885 1084 1935 les
1112 1885 1273 1936 dieus
1299 1885 1368 1935 de
1398 1886 1519 1936 leur
1545 1886 1776 1952 Olympe
1798 1887 1824 1937 ἵ)

559 1967 730 2032 Ay-je
759 1967 915 2031 pollu
942 1968 1026 2018 les
1046 1968 1270 2021 chastes
1297 1968 1585 2019 sacrifices
1608 1970 1633 2019 ⁶?

557 2050 725 2115 Ay—je
748 2049 926 2100 excite
953 2051 1023 2101 de
1053 2065 1143 2100 ma
1168 2050 1317 2102 belle
1345 2050 1547 2101 Riante

559 2133 704 2183 L’ire
730 2136 784 2184 et
805 2147 1079 2184 courrous
1105 2147 1206 2198 par
1228 2133 1346 2194 fait,
1379 2133 1559 2198 ditou
1588 2133 1836 2197 pensee‘?
1863 2134 2056 2196 XLVI,
2080 2134 2170 2188 36.

334 2342 499 2408 Quod
531 2342 626 2400 hic
663 2347 747 2402 ex'
776 2343 1087 2413 industria,
1127 2342 1511 2420 quorumdam
1552 2341 1841 2420 exempIO,
1893 2342 2067 2402 facile
2113 2343 2297 2414 videS,

251 2440 394 2499 alibi
435 2439 799 2517 negligentia
832 2441 1050 2499 factum
1077 2459 1201 2499 esse
1234 2429 1520 2517 suspicari
1561 2439 1694 2499 licet
1736 2458 1747 2498 :
1788 2440 1940 2516 Pag.
1986 2441 2067 2500 26
2107 2459 2292 2499 carm.

250 2556 381 2596 xxx
438 2539 703 2613 Olympe
770 2545 828 2596 et
874 2539 1116 2613 πέφηνε,-
1171 2557 1309 2615 pag.
1370 2538 1451 2596 68
1507 2557 1557 2596 c.
1620 2556 1831 2595 Lxxvn
1892 2555 2184 2597 semonce
2246 2543 2304 2597 et

250 2636 480 2704 ἄοικα
509 2654 646 2711 pag.
693 2634 806 2692 118
830 2637 1065 2710 hymne
1089 2641 1145 2693 et
1171 2635 1430 2693 alomne
1457 2640 1780 2692 consonant
1814 2633 1919 2714 (l).

328 2739 637 2797 Femineos
671 2737 1136 2815 masculinosque
1171 2757 1343 2797 sonos
1385 2740 1617 2798 variare
1653 2744 1754 2797 aut
1788 2739 1973 2798 nescit
2011 2743 2113 2798 aut
2139 2738 2300 2797 dedi-

250 2841 488 2912 gnatur.
549 2837 844 2894 Praeterea
886 2855 1091 2895 versus
1141 2835 1329 2894 haeret
1378 2834 1632 2905 hiulcUS,
1696 2835 1897 2894 multis
1950 2834 2292 2895 elisionibus

250 2934 476 2992 scaber.
502 2935 668 2993 Rara
693 2953 898 2992 sensus
923 2939 981 2993 et
1007 2934 1233 2992 numeri
1260 2934 1693 2994 convenientia.
1733 2930 1816 3004 (2)

325 3040 516 3100 Multo
551 3041 662 3098 hac
695 3040 1011 3117 asperitate
1055 3039 1351 3098 taediosior
1400 3041 1827 3099 sententiarum
1874 3039 2297 3117 verborumque

245 3138 592 3197 obscuritas.
630 3137 831 3196 Facile
865 3138 1017 3196 inter
1058 3137 1185 3195 haec
1210 3136 1407 3194 omnia
1433 3137 1696 3195 carmina
1723 3155 1791 3195 ea
1826 3154 2128 3196 recenseas
2155 3155 2286 3213 quae

247 3254 360 3294 non
402 3235 683 3308 dilucida,
743 3241 940 3293 tamen
989 3234 1114 3293 sine
1155 3232 1421 3293 molestia
1467 3232 1588 3311 legi
1628 3239 1872 3312 possunt
1909 3228 2038 3305 (mx
2079 3253 2135 3311 p.
2184 3232 2285 3292 68.

290 3472 344 3520 (1)
368 3473 573 3510 Ceterum
602 3472 816 3509 nonnulla
846 3470 900 3508 de
933 3470 1209 3516 syllabarum
1248 3470 1494 3515 prolatione
1535 3477 1593 3506 ex
1627 3468 1683 3506 iis
1715 3467 1920 3506 versibus
1949 3466 2136 3510 colligas
2174 3473 2279 3504 cum

247 3533 413 3571 cendre
437 3535 481 3569 et
506 3532 713 3568 motndre
747 3530 835 3577 (tv,
871 3540 909 3576 p.
948 3529 1020 3574 12),
1058 3529 1184 3576 pet-le
1216 3531 1260 3567 et
1298 3529 1435 3576 parte
1468 3528 1537 3577 (V.
1568 3529 1656 3571 ta),
1691 3529 1830 3564 autre
1866 3529 1910 3564 et
1949 3527 2083 3563 outre
2112 3525 2283 3573 (xxvu

248 3604 291 3640 p.
313 3593 384 3638 22),
405 3600 566 3629 source
591 3594 635 3629 et
661 3600 826 3637 pousse
845 3592 1118 3637 (Lxxvmp.
1141 3591 1214 3633 68),
1242 3583 1430 3627 membre
1454 3591 1497 3626 et
1520 3589 1745 3626 cantabre
1768 3588 1878 3634 (Vll.
1900 3596 1943 3632 p.
1971 3588 2042 3631 ¹3),
2068 3586 2227 3624 sutor-e
2244 3588 2292 3623 et

239 3653 389 3699 ,neore
435 3653 533 3696 (CV,
572 3661 614 3697 p.
659 3652 715 3691 93)
748 3658 946 3688 consona
984 3648 1122 3687 faciat
1159 3649 1437 3693 Bugnontus„
1481 3656 1569 3685 non
1611 3647 1781 3690 invltis,
1822 3645 1968 3691 credo,
2000 3644 2282 3683 audientium

246 3712 449 3750 auribus.

221 3796 223 3798 ’
294 3786 345 3832 (2)
362 3786 572 3831 Excipias
592 3785 763 3831 aliquot
785 3784 988 3821 carmina
1010 3783 1132 3831 (Ode,
1160 3791 1259 3828 pag.
1288 3784 1344 3827 59,
1374 3783 1532 3825 Chant,
1553 3781 1622 3826 77).
