2508 4212
1001 364 1263 413 „33-

87 567 89 569 ,
208 496 305 581 Sic
328 495 573 555 frontem
593 496 826 554 caelum
845 496 1063 580 dixere,
1083 498 1219 573 quia
1239 497 1448 555 veluti
1436 516 1493 554 in
1510 496 1656 554 caelo
1673 495 1949 578 labuntur
1966 494 2160 569 signa,

30 634 42 662 3-
126 591 294 651 sicin
327 575 517 650 fronte
567 591 781 648 moveri
833 591 986 649 oculi
1043 591 1253 662 solent,
1307 611 1450 669 quos
1491 592 1812 668 saepissime
1861 609 1993 648 cum
2044 589 2167 647 sole

29 673 34 678 ⁴
129 687 418 764 astrisque
440 686 785 747 conferunt:

323 826 405 876 En
429 828 524 875 ton
551 824 674 874 C'iel
698 828 825 874 sont
850 824 994 875 deux
1033 830 1208 874 astres
1236 826 1530 891 reluysans
1553 794 1818 891 (XLVIII,
1849 825 1952 888 38).

325 906 374 966 ,O
396 905 488 962 oeil
506 904 755 970 jumeau,
773 904 943 970 qu’un
968 905 1172 959 double
1198 921 1293 958 arc
1318 908 1655 971 pavillonne‚

325 987 369 1038 Ο
391 987 498 1036 ciel
523 986 792 1045 marbrin,
829 986 1036 1052 surjete
1063 987 1347 1038 dinement
1371 990 1537 1054 (XIlI,
1564 992 1649 1051 16)

211 1113 364 1180 Quid
383 1112 535 1189 quod
552 1111 1071 1171 circumlocutione
1089 1113 1438 1188 Bugnonius
1471 1115 1677 1183 utitur,
1708 1133 1821 1189 qua
1845 1130 1969 1170 rem
1983 1109 2167 1187 pluri-

133 1210 239 1269 bus
267 1209 457 1271 verbis
483 1209 566 1266 ita
591 1208 792 1277 ambit,
816 1214 879 1266 ut
906 1213 1150 1283 pectus,
1178 1216 1240 1268 ut
1274 1228 1386 1267 non
1414 1210 1584 1286 plura
1616 1209 1855 1267 afferam
1874 1205 2163 1283 exempla,

134 1307 350 1394 locum
380 1309 698 1365 secretum
726 1304 805 1383 (in
831 1323 943 1381 quo
977 1306 1189 1364 tacitus
1208 1324 1371 1364 amor
1394 1305 1590 1383 lateat)
1622 1313 1786 1364 vocet
1818 1323 1830 1364 ε

330 1439 407 1487 Le
431 1436 585 1486 desii·
621 1439 706 1486 est
734 1449 839 1486 une
866 1435 1004 1486 dure
1030 1438 1305 1487 tormente

330 1518 434 1586 Qui
459 1532 523 1568 sa
547 1517 787 1580 vigueur
815 1518 1144 1580 rigoureuse
1173 1522 1435 1582 rapporte

332 1600 418 1650 Au
447 1597 562 1649 lieu
587 1603 762 1648 secr-el
787 1598 856 1650 de
894 1599 1053 1664 celuy
1078 1599 1172 1665 qui
1201 1599 1251 1650 le
1280 1603 1436 1663 porte
1464 1602 1651 1666 iXCII,
1679 1615 1732 1664 p.
1762 1602 1848 1665 84)

199 1741 365 1825 Haec
396 1743 593 1806 omnia
617 1739 790 1801 facile
814 1759 1119 1817 agnosces,
1151 1742 1315 1801 Licet
1340 1742 1439 1800 diu
1480 1743 1667 1819 poesis
1694 1758 1893 1802 nostra
1920 1745 2047 1821 ejus
2072 1764 2172 1821 ge·

41 1862 52 1890 :
139 1839 295 1898 neris
322 1838 479 1898 vitiis
504 1845 778 1915 corrupta
811 1837 1007 1909 fuerit,
1028 1857 1143 1915 qua
1167 1839 1512 1916 contagione
1538 1839 1714 1917 pestis
1746 1846 1876 1899 orta
1900 1840 1996 1909 sit,
2023 1842 2172 1899 satis

26 1950 40 1970 -·
143 1942 343 2018 notum
359 1940 466 1994 est.

32 2104 35 2105 γ
218 1991 332 2090 His
363 2029 653 2109 perlectiS,
684 2031 920 2090 minime
967 2030 1072 2088 hos
1121 2031 1430 2107 profecisse
1470 2037 1559 2090 est
1591 2050 1697 2090 cur
1720 2032 2040 2102 existimes,
2070 2053 2173 2091 nec

30 2120 54 2190 ”
113 2208 117 2211 .
143 2128 416 2189 felicius
402 2129 475 2186 iis
501 2128 818 2206 perdidisse
851 2146 1087 2205 operam
1135 2129 1232 2204 qui
1262 2127 1432 2205 paulo
1464 2135 1636 2187 antea
1679 2129 1972 2187 variandis
2001 2136 2173 2207 atque

141 2225 510 2304 implicandis
557 2243 827 2284 versuum
884 2224 1088 2282 formis
1140 2225 1543 2283 incubuerant.
1605 2225 1717 2284 Sed
1750 2225 1821 2295 si,
1859 2244 1971 2284 non
2006 2245 2172 2285 secus
2207 2253 2210 2257 ·

142 2329 315 2399 atque
368 2322 541 2380 ceteri
594 2320 771 2398 hujus
797 2321 992 2379 aetatis
1020 2327 1206 2398 poetae
1241 2320 1442 2398 inclyti
1470 2321 1795 2390 obscurive,
1842 2321 2170 2398 TyardeuS,

144 2417 435 2478 Oliverius
473 2418 722 2495 Magny,
764 2416 1127 2486 Pelleterius,
1173 2418 1482 2487 Forcadet‚
1518 2427 1658 2486 etc„
1695 2435 1895 2494 pravae
1938 2436 2176 2476 consue-

144 2513 329 2573 tudini
409 2513 727 2582 indulsere,
810 2532 924 2572 non
981 2520 1319 2595 consta-nter
1381 2532 1506 2573 sese
1561 2513 1620 2571 in
1681 2513 1770 2571 liis
1831 2514 2176 2572 arctissimis

147 2611 315 2688 gyris
370 2611 806 2678 continuerunt,
867 2617 927 2668 at
989 2610 1213 2686 majora
1260 2610 1521 2669 cecinere
1587 2615 1644 2668 et
1690 2607 1909 2685 aliquid
1961 2629 2173 2670 novum

147 2702 592 2783 inauditumque
617 2707 969 2783 appetivere.

1153 2935 1180 2960 1

1121 2970 1211 2997 ἢ*

235 3175 435 3252 Longe
461 3174 581 3234 alia
622 3175 764 3234 mihi
812 3194 971 3234 mens
1003 3183 1090 3234 est
1114 3194 1184 3234 ac
1214 3175 1584 3243 contendam,
1627 3176 1967 3252 priusquam
2018 3176 2186 3235 Saeva

33 3343 35 3346 Α
156 3271 386 3331 Deliam
424 3291 591 3331 suam
633 3280 890 3342 caneret,
926 3291 1124 3330 omnes
1163 3285 1360 3349 poetas
1392 3278 1638 3341 nostrOS,
1673 3272 1901 3332 omissis
1948 3275 2186 3331 omnino

61 3378 66 3383 ·
157 3374 415 3426 veterum
432 3367 714 3445 exemplis
731 3387 799 3426 ac
819 3369 1141 3444 praeceptiS,
1165 3367 1275 3425 soli
1301 3368 1538 3443 ingenio
1563 3387 1630 3425 ac
1650 3387 1812 3425 venae
1846 3368 2178 3426 indulsisse.
2243 3416 2247 3419 .

35 3454 70 3534 ζ]
155 3463 308 3522 Nam
337 3464 813 3542 quotiescumque
846 3463 1004 3521 illius
1038 3463 1312 3540 temporis
1342 3463 1650 3520 historiam
1687 3463 1943 3534 revolv0,
1993 3464 2183 3539 magis

76 3562 80 3566 '
154 3577 222 3616 ac
252 3560 469 3635 'magis
540 3560 612 3618 ab
685 3560 758 3617 iis
825 3559 1105 3618 dissentio
1169 3560 1266 3635 qui
1325 3566 1480 3616 certo
1550 3577 1703 3616 anno
1774 3567 1876 3616 aut
1923 3566 2183 3635 tempore

155 3647 522 3714 communem
547 3655 1026 3714 consuetudinem
1050 3655 1340 3713 scribendi
1361 3660 1559 3731 poetas
1592 3655 1897 3730 reliquisse
1923 3654 2176 3732 fingunt.

158 3749 409 3808 Videtur
482 3751 639 3833 enim
721 3751 863 3810 mihi
929 3752 1326 3828 unusquisque
1394 3749 1526 3827 plus
1593 3751 1787 3808 minus
1842 3750 1915 3807 ad
1973 3770 2191 3828 supera
