2508 4212
0 1133 20 1188 ,μ’
0 655 44 1110 ῃωμεᾲκιᾳιςςῳηκ
15 635 18 639 .
15 547 40 619 (Υ.-
24 519 27 521 ,

1092 302 1333 353 -19-

199 425 466 503 vulgaris·
486 426 836 485 eruditionis
867 445 1177 486 causarum
1204 433 1505 504 patronuS,
1547 444 1698 485 nunc
1724 427 1829 484 sub
1861 433 1961 484 tuo
1993 427 2224 485 nomine

196 521 255 579 in
281 521 572 598 publicum
596 521 762 580 exire⁴
783 521 912 580 volo
941 547 967 575 »
996 524 1112 599 (1).

215 674 219 678 ,
276 616 551 694 Suspicor
567 618 828 694 equidem
849 617 1081 688 1nultOS‚
1096 619 1303 694 quibus
1321 637 1460 677 cave
1478 637 1547 676 ne
1564 616 1875 676 Nicolaum
1887 618 2117 676 Edoard
2129 637 2223 675 um

192 732 545 773 annumeres
569 714 682 786 (2),
724 732 795 772 ea
830 714 1005 772 verba
1048 734 1079 771 «
1114 734 1205 773 me
1239 722 1439 773 autore
1470 738 1496 767 »
1529 715 1776 791 pessime
1816 715 2227 790 interpretatos

195 827 344 879 esse,
375 809 534 869 velut
566 809 615 868 si
649 815 877 869 auctor
909 810 1059 868 idem
1089 829 1158 868 ac
1188 813 1467 887 scriptor
1499 810 1835 887 significare
1854 809 2086 868 soleret.
2114 810 2226 868 Sed

196 912 582 984 praeterquam
603 906 758 982 quod
778 905 891 964 ista
915 906 1313 982 interpretatio
1330 908 1429 964 toti
1452 906 1756 965 sententiae
1781 906 1863 964 ita
1885 905 2231 964 adversatur

197 1009 261 1061 ut
284 1000 659 1070 nullomodO,
688 1002 737 1060 si
761 1002 1104 1079 accipiatur,
1133 1021 1201 1060 ea
1226 1001 1477 1079 intelligi
1501 1002 1703 1078 possit,
1733 1007 2023 1078 repugnat
2048 1001 2230 1079 ipsius

194 1096 504 1155 latinitatis
530 1115 691 1176 usuS,
724 1104 787 1155 ut
819 1097 1012 1156 sciunt
1037 1096 1127 1155 vel
1152 1098 1354 1174 primis
1395 1097 1617 1174 linguae
1649 1098 1950 1156 elementis
1988 1097 2224 1156 eruditi.

193 1193 358 1252 Nih-il
407 1191 570 1252 aliud
618 1193 709 1251 his
762 1193 955 1252 verbis
986 1193 1333 1270 Bugnonius
1372 1194 1676 1252 declarare
1703 1192 1886 1252 voluit
1931 1201 1989 1252 et
2016 1193 2226 1271 potuit,

194 1288 308 1348 nisi
332 1287 529 1348 officio
565 1307 670 1347 suo
694 1289 1058 1348 Paradinum
1106 1309 1143 1347 a
1180 1288 1534 1348 Fustallerio
1579 1289 1882 1347 historiam
1916 1288 2230 1365 legendam

193 1385 509 1464 accepisse,
539 1384 663 1444 sive
692 1404 727 1444 a
751 1385 1047 1444 Paradino
1076 1393 1341 1462 rogatus,
1371 1386 1493 1443 sive
1532 1385 1766 1463 proprio
1801 1394 1957 1443 motu
1996 1405 2229 1462 operam

181 1499 298 1560 ,pro
321 1480 512 1540 amico
543 1480 891 1559 interposuit
918 1482 1076 1550 utiS,
1115 1482 1174 1540 in
1214 1481 1460 1540 historia
1491 1482 1626 1551 tiro,
1657 1482 1982 1559 prudentiae
2025 1481 2231 1541 alienae

182 1578 312 1656 jam
337 1583 596 1636 maturos
620 1576 847 1637 fructus
878 1578 1230 1655 decerperet.

241 1670 243 1674 ’
274 1672 388 1732 Sed
420 1672 723 1743 hactenuS‚
753 1674 1027 1751 namjam
1052 1673 1201 1732 nihil
1226 1681 1314 1732 est
1331 1673 1519 1733 curde
1537 1674 1694 1732 furto
1717 1673 1939 1732 diutius
1959 1692 2225 1750 quaeraS.

194 1769 492 1836 Quomodo
533 1777 726 1830 autem
771 1789 863 1829 res
903 1789 963 1828 se
1011 1770 1304 1841 habuerit,
1348 1770 1513 1829 testis
1558 1770 1853 1828 narrrabit
1877 1769 2135 1846 locuples
2170 1777 2231 1828 et

192 1866 422 1944 integer
465 1864 581 1924 8⁶⁰⁸
617 1865 890 1925 Julianus
936 1867 1007 1925 de
1056 1866 1350 1936 Balleure‚
1395 1866 1690 1943 Bugnonii
1731 1866 1852 1925 iere
1888 1865 2134 1943 aequalis
2170 1873 2226 1924 et

172 1958 919 2040 'rerumBurgundicarum
948 1964 1037 2021 vir
1050 1963 1458 2040 peritissimus.
1491 1963 1735 2040 Legitur
1759 1962 1914 2022 enim
1951 1963 2007 2020 in
2033 1963 2225 2023 Ante·-

191 2060 543 2137 quitatibus
564 2061 1146 2120 Matisconensibus
1173 2080 1192 2119 .·

243 2293 304 2345 (1)
328 2293 539 2335 Ceterum
561 2293 791 2341 rarissimi
818 2293 961 2335 libelli
986 2294 1293 2346 praefationem
1327 2297 1463 2334 totam
1493 2293 1679 2334 afferam
1701 2306 1709 2333 :

246 2381 267 2407 ι
291 2367 617 2410 Eruditissimo
644 2368 873 2409 Gulielmo
905 2368 1134 2409 Pal-adino
1165 2368 1245 2409 Ph.
1290 2368 1556 2420 Bugnonius
1584 2368 1627 2408 Ι.
1662 2369 1711 2409 C.
1747 2365 2055 2408 Matiscensis.
2084 2366 2135 2407 S.
2164 2367 2220 2407 P.

193 2431 446 2479 Historiam
477 2446 614 2487 quam
652 2435 734 2475 tihi
771 2447 839 2475 me
880 2441 1039 2476 autore
1074 2435 1308 2487 legendam
1356 2434 1624 2475 exhibuerat
1662 2434 1739 2475 Fr.
1791 2435 2090 2482 Fustalerius‚
2116 2434 2223 2474 olim

192 2501 313 2554 apud
335 2503 563 2542 nostrates
587 2513 676 2541 non
707 2502 913 2554 vulgaris
965 2503 1238 2543 eruditionis
1285 2513 1529 2542 causarum
1575 2504 1810 2553 patronus,
1855 2513 1976 2541 nunc
2020 2501 2106 2542 sub
2147 2503 2223 2541 tuo

193 2568 378 2609 nomine
405 2568 452 2608 iu
478 2568 711 2621 publicum
733 2570 859 2610 exire
888 2570 1022 2611 volo:
1055 2574 1103 2609 ut
1126 2569 1356 2620 intelligas
1386 2572 1605 2621 quantum
1629 2568 1769 2609 studii
1795 2580 1847 2608 ac
1873 2580 2018 2620 operae
2040 2569 2084 2608 in
2110 2580 2224 2608 com-

193 2633 448 2676 mendanda
476 2635 588 2675 urbe
611 2639 767 2676 nostra
792 2640 992 2677 statuam
1012 2639 1056 2677 et
1083 2636 1219 2688 quam
1252 2637 1325 2687 pio
1351 2636 1502 2679 animo
1528 2636 1847 2675 sanctissimos
1866 2636 2067 2686 parentis
2095 2635 2223 2675 illius

193 2711 349 2742 manes
369 2698 530 2742 colam.
554 2702 702 2743 Multo
731 2715 840 2743 sane
866 2703 972 2756 plus
990 2704 1158 2754 negocii
1181 2702 1263 2743 fuit
1285 2702 1396 2743 mihi
1417 2703 1460 2742 in
1493 2702 1605 2743 bene
1629 2701 1908 2742 collocandis
1936 2714 2016 2754 per
2035 2713 2223 2754 quaeque

192 2769 397 2820 tempora
416 2767 557 2809 rebus
586 2768 744 2821 gestis,
776 2770 927 2822 'quam
967 2770 1011 2810 in
1045 2769 1387 2810 conscribendis
1435 2770 1491 2809 iis
1520 2769 1739 2820 impensae
1769 2779 1907 2808 curae.
1949 2767 2065 2808 Nam
2108 2768 2220 2808 adeo

192 2833 456 2887 perturbata
497 2839 625 2875 erant
663 2837 831 2886 omnia,
871 2840 919 2877 ut
963 2837 1016 2877 de
1053 2836 1210 2877 ordine
1253 2847 1393 2889 prope
1428 2839 1577 2876 actum
1597 2835 1842 2875 videretur.
1885 2836 2076 2875 Tantam
2112 2846 2221 2875 vero

192 2900 480 2952 diligentiam
504 2900 711 2953 adhibui,
757 2909 808 2942 ut
858 2914 910 2942 ea
947 2902 1077 2954 longe
1129 2901 1358 2954 superarit
1392 2913 1524 2955 opus,
1554 2901 1674 2954 quod
1723 2901 1803 2940 tibi
1830 2903 1973 2940 totuin
2013 2900 2219 2950 debetur,

193 2968 444 3020 praesertim
468 2968 569 3010 cum
606 2972 684 3009 tua
712 2980 851 3009 causa
886 2970 933 3009 in
975 2981 1138 3009 manus
1176 2969 1344 3009 civium
1376 2973 1641 3009 nostrorum
1672 2967 1922 3020 perveniat.
1954 2967 2038 3008 Cui
2068 2968 2220 3019 potius

120 3087 124 3091 .
190 3033 304 3074 illud
339 3035 476 3087 quam
499 3035 598 3087 tibi,
634 3036 852 3083 dicarem,
878 3036 1046 3077 offendi
1069 3036 1315 3076 neminem.
1351 3038 1499 3087 Atque
1525 3047 1645 3076 unus
1692 3037 1788 3086 ipse
1828 3047 1876 3075 es
1917 3035 2131 3086 profecto,
2150 3035 2219 3075 cui

189 3112 340 3142 rerum
365 3102 640 3143 monimenta
669 3104 924 3144 consecrari
944 3103 1047 3153 jure
1073 3102 1293 3142 debeant:
1320 3114 1419 3142 cum
1446 3102 1578 3154 longe
1602 3104 1779 3142 caeteris
1805 3102 1981 3142 dicendi
2009 3102 2220 3142 facultate

190 3170 397 3219 praestes,
419 3170 512 3208 tum
546 3170 679 3209 etiam
724 3169 843 3222 quod
890 3182 992 3221 quie
1019 3170 1213 3210 lvi-evitet·
1255 3167 1327 3209 hic
1372 3170 1678 3218 continentur,
1707 3168 1785 3208 tibi
1822 3169 2063 3208 notissima
2110 3169 2217 3208 sint.

188 3232 293 3274 Ideo
323 3235 598 3275 contentius
645 3238 689 3276 et
727 3236 810 3276 abs
862 3239 903 3276 te
946 3236 1129 3288 quidem
1170 3236 1429 3284 tuebuntur,
1482 3238 1525 3276 et
1583 3240 1623 3275 te
1667 3235 1794 3280 duce,
1835 3236 1871 3274 si
1930 3235 2050 3275 volet
2091 3238 2221 3283 aetas,

189 3299 520 3341 incrementum
546 3301 787 3354 accipient.
822 3302 907 3342 Sed
944 3314 997 3342 ea
1028 3302 1224 3347 interim,
1258 3301 1525 3353 polyhistor,
1566 3301 1734 3354 accipe,
1773 3301 1878 3341 dum
1910 3301 2115 3353 quaedam
2135 3314 2216 3344 nec

188 3365 400 3418 vulgaria
425 3367 469 3406 in
510 3367 761 3410 pandectas
780 3369 900 3420 juris
943 3372 986 3408 et
1012 3368 1205 3408 meditor
1232 3372 1275 3408 et
1317 3368 1501 3408 cottidie
1535 3378 1662 3419 paro,
1687 3380 1786 3419 quae
1805 3368 2001 3414 tandun,
2035 3368 2214 3410 favente

188 3432 392 3479 numine.
428 3433 475 3473 in
524 3434 689 3486 vulgus
740 3435 1004 3487 prodibunt,
1050 3435 1086 3475 si
1128 3446 1197 3474 me
1249 3446 1469 3486 prospera
1494 3446 1594 3486 quae
1632 3435 1751 3474 fovet
1775 3447 1908 3484 aura,
1962 3435 2039 3475 diu
2062 3441 2215 3477 servet

188 3496 483 3539 incolumem.
516 3497 641 3547 Vale,
664 3499 845 3552 Lugdu.
870 3500 1261 3552 Cal.ASepteml›r.
1288 3511 1393 3540 ann.
1425 3511 1452 3540 a
1487 3500 1671 3540 Christo
1690 3501 1927 3540 incarnato
1946 3512 2000 3540 M.
2024 3513 2073 3540 n.
2107 3513 2204 3541 mx.

204 3602 207 3603 ν
237 3578 297 3630 (2)
322 3594 340 3616 ι
380 3579 444 3621 Le
480 3580 695 3633 seigneur
737 3581 956 3631 Francois
995 3580 1241 3626 Fustalier,
1279 3580 1404 3630 jadis
1447 3580 1639 3621 advocat
1674 3593 1728 3621 en
1773 3586 1929 3623 nostre
1962 3583 2077 3634 pais,
2097 3594 2211 3623 vous

187 3644 398 3696 presenta
419 3658 536 3702 pour
576 3647 675 3696 lire,
700 3659 795 3698 par
834 3660 947 3691 mon
982 3658 1173 3699 moyen,
1216 3647 1434 3688 l'histoire
1470 3647 1669 3702 laquelle
1683 3647 1731 3699 Je
1771 3660 1888 3691 veux
1925 3649 2211 3691 maintenant

188 3713 347 3754 mettre
371 3723 425 3753 en
451 3711 655 3761 lumiere,
687 3727 708 3752 ιο
