2508 4212
1212 289 1471 340 ..10-

402 417 546 475 Haec
571 424 656 477 est
679 436 810 495 quae
826 420 1228 497 Bugnonium,
1259 416 1440 482 ut'tot
1463 423 1633 495 alios,
1665 423 1952 483 illecebris
1979 425 2100 484 suis
2127 425 2349 496 allexit,

323 529 423 569 seu
451 513 693 572 aemulos
726 522 996 592 expertus
1042 518 1525 588 Matisconenses,
1581 521 1731 579 inter
1773 540 1915 597 quos
1957 509 2135 581 unum
2176 522 2355 581 notis-

322 608 532 667 simum
564 610 846 669 Jacobum
890 614 1271 672 Descrivieux
1312 615 1576 687 afferam,
1613 616 1834 693 aliquid
1875 601 2103 677 efficere
2148 637 2356 677 causas

323 704 566 762 dicendo
586 706 933 783 desperavit,
966 729 1067 767 seu
1093 711 1304 787 potiuS,
1339 713 1619 789 juvenum
1654 732 1834 783 more,
1871 715 2096 791 majora
2124 714 2356 773 theatra

322 800 694 872 desideravit,
726 804 935 879 quibus
959 805 1291 882 eloquentia
1329 808 1751 886 prudentiaque
1783 829 1889 868 sua
1933 811 2177 888 proponi
2213 830 2346 887 pos-

322 903 427 954 set.
455 898 664 956 Nonne
711 900 863 956 enim
906 902 1038 960 haec
1086 903 1197 961 sibi
1242 905 1417 962 verba
1457 914 1853 983 assumpserat
1889 925 1900 964 ε
1950 928 1980 963 «
2022 908 2166 985 Spes
2198 926 2349 978 mea,

324 992 471 1052 velle
490 995 724 1054 meum?
755 1017 785 1054 ))

1308 1222 1378 1244 *4

397 1347 734 1424 Antequam.
755 1350 900 1407 mihi
920 1352 1285 1428 contingeret
1303 1371 1509 1411 nomen
1531 1354 1729 1412 uxoris
1746 1355 1990 1425 eruisse,
2013 1355 2353 1432 suspicabar

317 1461 389 1500 ex
406 1444 652 1520 epistola
668 1464 841 1522 quam
860 1447 930 1504 ad
950 1447 986 1504 J
989 1447 1587 1526 ohannemAngelum
1612 1450 1856 1526 Papium
1877 1450 2190 1527 LugdunO,
2206 1450 2346 1509 Kal.

318 1540 445 1598 Oct.
488 1541 628 1599 anni
669 1560 962 1601 CIoioLvm
1004 1544 1264 1614 miserat,
1294 1546 1671 1622 Bugnonium
1720 1546 1837 1623 jam
1871 1545 2135 1606 caelibem
2170 1547 2351 1606 vitam

321 1636 515 1695 vivere
539 1638 798 1697 desiisse.
832 1640 980 1698 Tota
1005 1641 1159 1699 enim
1176 1642 1424 1718 epistola
1455 1642 1529 1700 ad
1552 1643 1921 1702 matrimonia
1951 1644 2200 1720 pertinet
2222 1643 2348 1702 lau-

315 1733 529 1810 desque
547 1735 821 1805 instituti,
847 1737 998 1812 quod
1032 1736 1212 1796 multo
1245 1740 1436 1816 magis
1454 1747 1682 1817 patrum
1709 1740 1891 1799 risum
1919 1742 2118 1811 movit,
2148 1741 2349 1799 multis

315 1831 501 1890 modis
536 1832 1001 1911 doctissimisque
1029 1837 1396 1913 argumentis
1422 1838 1775 1915 exemplisve
1801 1837 2049 1897 extollit.
2073 1839 2187 1898 Hic
2213 1857 2348 1898 cum

241 1919 244 1923 ’
309 1927 692 2003 Bugnonium
718 1931 924 1989 audias
950 1932 1234 1991 dicentem
1267 1958 1292 1987 «
1325 1935 1555 1993 civilem
1584 1935 1868 1994 rationem
1887 1955 1957 1994 ac
1974 1935 2348 2012 disciplinam

311 2023 459 2082 nihil
485 2025 556 2083 ab
585 2026 656 2084 iis
675 2028 982 2104 egregium
1007 2028 1134 2108 fieri
1169 2031 1452 2102 nancisci,
1484 2050 1661 2108 reque
1687 2037 1986 2109 expertam
2027 2051 2154 2091 esse
2195 2032 2344 2109 ipsa,

310 2109 408 2197 qui
449 2122 648 2181 domos
676 2124 801 2183 sine
823 2126 1099 2184 uxoribus
1124 2126 1477 2198 habitarent,
1500 2129 1672 2204 quive
1693 2129 1920 2187 nullum
1948 2129 2040 2187 vel
2067 2147 2348 2205 perquam

309 2236 450 2276 sane
468 2238 666 2277 rarum
685 2223 1095 2281 commercium
1122 2241 1252 2282 cum
1272 2222 1511 2282 familiis
1533 2224 1812 2283 haberent
1828 2250 1852 2278 υ
1868 2244 1996 2296 ,nec
2021 2250 2046 2279 «
2069 2224 2349 2302 quidquid

299 2315 624 2392 jucundius
671 2336 795 2376 esse
842 2319 900 2376 in
952 2319 1171 2396 nuptiis
1205 2327 1306 2378 aut
1354 2322 1608 2398 gratius,
1663 2342 1837 2399 quam
1894 2321 2348 2400 pulcherrimam

308 2411 522 2472 habere
549 2414 842 2491 prolemin
875 2435 1058 2494 eaque
1091 2418 1303 2477 alenda
1337 2430 1638 2479 strenuam
1663 2438 1899 2497 operam
1933 2438 2148 2478 navare
2168 2419 2257 2497 (1)
2289 2442 2343 2490 »,

267 2650 274 2658 ·
309 2635 488 2676 magnae
516 2629 560 2666 et
590 2625 758 2668 inclitae
788 2628 991 2669 civitatis
1027 2630 1152 2671 focos
1200 2634 1242 2671 et
1291 2643 1399 2672 aras
1426 2632 1662 2672 civitatule
1685 2632 1753 2683 (ut
1796 2632 1861 2673 ita
1889 2631 2056 2683 dicam)
2087 2633 2347 2684 postponat,

305 2691 352 2732 in
370 2703 462 2743 qua
484 2691 644 2734 Pallas
663 2694 811 2746 friget,
829 2695 980 2736 virtus
1005 2698 1238 2749 torpescit,
1259 2697 1407 2740 littere
1426 2699 1519 2739 lillo
1535 2700 1581 2739 in
1602 2700 1753 2750 precio
1773 2700 2014 2740 habentur.
2042 2698 2183 2739 Plura
2199 2698 2349 2751 plenis

305 2758 423 2799 velis
453 2760 711 2812 scripturus
753 2773 919 2810 essem,
951 2764 1043 2804 nisi
1069 2775 1197 2806 mens
1227 2777 1328 2806 mea
1354 2767 1436 2806 tibi
1461 2767 1577 2807 satis
1614 2771 1721 2807 nota
1761 2771 1898 2815 esset,
1937 2766 2027 2806 nisi
2067 2769 2346 2818 compertum

307 2829 444 2867 antea
473 2827 692 2869 habueris
725 2832 897 2882 quanta
926 2830 1046 2882 patri
1083 2834 1160 2872 tuo
1191 2832 1441 2884 objicerent
1461 2834 1691 2886 quondam
1720 2834 2005 2874 Luteciarum
2026 2833 2226 2886 patroni,
2246 2843 2348 2873 cum

302 2893 422 2943 apud
452 2895 660 2936 Avernos
678 2901 867 2938 senatus
887 2898 1064 2949 judicia
1088 2900 1223 2940 statis
1253 2900 1411 2941 diebus
1433 2902 1588 2952 edixit,
1619 2902 1739 2953 quod
1761 2901 1919 2942 relicta
1942 2900 2124 2940 Lutetia
2139 2900 2350 2953 Lugduni

308 2959 468 3011 pedem
516 2962 711 3004 fixisset.
758 2964 970 3005 Arbitror
999 2977 1101 3005 eum
1149 2971 1322 3018 patrem
1344 2970 1484 3016 tuum,
1513 2968 1551 3007 si
1593 2968 1714 3007 lares
1747 2968 1922 3020 patrios
1959 2966 2131 3007 oblitus
2165 2967 2347 3012 fuisset.

311 3028 538 3070 maximos
574 3034 679 3072 ante
703 3031 940 3072 decessum
967 3037 1093 3073 tuum
1120 3033 1317 3074 honores
1351 3034 1565 3086 adeptum
1599 3034 1736 3075 fuisse
1775 3035 1843 3074 En
1866 3035 2022 3086 igitur,
2048 3038 2098 3074 ut
2118 3037 2242 3086 puto,
2270 3034 2350 3076 tibi

307 3105 414 3134 cave
440 3098 667 3138 consules.
690 3099 783 3150 Ego
813 3102 980 3145 autem,
1007 3103 1224 3152 tanquam
1247 3100 1364 3142 alter
1392 3101 1616 3142 Anchises
1648 3102 1768 3141 Enee
1807 3101 1901 3141 filio
1929 3100 2109 3141 somnia
2141 3112 2225 3141 sua
2261 3101 2351 3142 sibi

309 3164 532 3213 narranti,
569 3165 641 3205 aio
683 3165 728 3206 id
770 3166 893 3217 quod
939 3166 1116 3207 foribus
1156 3169 1331 3208 nostris
1370 3168 1591 3220 scriptum
1631 3168 1797 3218 legitur
1838 3168 2133 3219 virgilianum
2176 3183 2195 3205 «
2234 3168 2348 3209 illud

305 3229 519 3271 cedamus
542 3232 689 3284 phebo
715 3236 757 3272 et
776 3234 934 3273 moniti
951 3234 1142 3275 meliora
1160 3246 1419 3286 sequamur.
1442 3250 1460 3272 »
1477 3236 1603 3276 Datae
1632 3246 1687 3276 ex
1712 3234 1935 3287 Lugduno
1957 3235 2028 3275 die
2042 3243 2172 3275 xm...
2191 3235 2352 3288 aprilis

308 3297 406 3339 1561
439 3314 479 3337 ³».

354 3365 452 3405 Non
484 3377 590 3406 vero
628 3366 862 3420 Bugnonio
891 3367 931 3408 is
971 3372 1099 3421 pater
1137 3372 1232 3410 erat
1271 3370 1366 3422 qui,
1398 3368 1907 3427 Lugdunensesomores
1945 3371 2172 3421 expertus,
2195 3372 2350 3409 natum

308 3431 595 3473 admoneret.

357 3538 415 3587 (l)
449 3537 559 3577 Vide
581 3539 764 3589 epistol.
809 3540 981 3591 passim
1006 3541 1051 3580 in
1093 3556 1110 3577 α
1147 3542 1391 3582 Thesauro
1419 3541 1555 3581 Juris
1600 3539 1796 3580 romam·
1839 3539 2117 3580 continente
2157 3540 2351 3580 rariora

306 3606 558 3644 melior-am
594 3605 916 3655 interpretum
946 3608 1267 3658 opuscula...
1300 3619 1399 3647 cum
1430 3607 1695 3659 praefatione
1730 3605 1950 3646 Everardi
1994 3605 2175 3646 Ottonis
2192 3606 2278 3647 Jcti
2309 3611 2351 3646 et

307 3672 658 3711 antecessoris».
691 3672 884 3712 Basileae
906 3673 1027 3726 apud
1056 3673 1159 3715 Joh.
1194 3673 1308 3715 Lud.
1352 3672 1940 3719 Brandmiilleimnccxmv,
1977 3683 2019 3726 p.
2042 3682 2348 3714 muccunxvu-

310 3749 576 3786 mccccux,
603 3743 710 3778 tom.
738 3739 829 3781 111.
