2508 4212
1100 340 1364 388 ..NG-

296 473 450 533 Satis
490 476 700 534 callide
749 476 818 534 de
861 475 1238 546 rumusculis,
1285 474 1494 551 quibus
1536 474 1915 532 nuntiabatur
1951 481 2082 534 vota
2124 483 2255 535 rata

215 590 363 641 csse,
394 571 543 631 ludit
570 572 660 631 his
693 573 1058 651 argumentis
1097 589 1108 630 :

479 787 533 837 Si
562 800 706 850 pour
728 801 864 852 ouyr
884 787 935 837 le
962 787 1167 851 peuple
1192 801 1531 849 murmurer‚

476 867 855 918 Secretement
880 872 1037 919 notre
1065 869 1256 919 amitie
1281 869 1626 938 s’augmente
1658 881 1669 921 ;

473 952 528 1001 Si
562 955 617 1000 lu
644 965 712 1001 ne
740 951 906 1011 croiS,
938 965 1005 1000 en
1033 966 1136 1000 son
1166 947 1353 1014 parler
1379 951 1509 1016 qu‘il
1537 955 1741 1012 mente,

479 1033 562 1082 Ne
590 1032 638 1081 le
667 1046 810 1095 peux
841 1036 896 1082 lu
922 1047 1142 1083 comme
1170 1047 1296 1097 moy
1324 1033 1601 1083 endu'rer‘?
1608 1069 1705 1082 .....

611 1114 704 1165 S'il
731 1114 830 1166 fait
857 1115 925 1181 de
952 1129 1094 1165 nous
1119 1116 1421 1166 souverain
1448 1115 1756 1181 jugement,

479 1193 573 1247 S'il
598 1211 743 1247 nous
768 1198 1000 1261 pretend
1027 1198 1242 1247 donner
1268 1200 1701 1264 contentement,

477 1280 584 1328 Par
610 1293 709 1328 son
740 1279 891 1329 divin
919 1284 973 1329 et
996 1280 1221 1330 louable
1250 1293 1489 1344 presage
1520 1292 1530 1332 t
1732 1344 1735 1347 Ι

612 1362 696 1411 Ν6
723 1361 1088 1424 dedaignons‚
1117 1362 1310 1422 Dame,
1341 1362 1390 1411 le
1412 1361 1674 1430 recevoit·
1698 1375 1708 1408 :

478 1442 585 1492 Car
610 1456 671 1492 ce
699 1442 833 1507 qu'il
862 1443 941 1493 dit
967 1443 1218 1506 possible
1247 1443 1285 1492 il
1312 1446 1397 1492 est
1427 1443 1496 1492 de
1522 1443 1646 1492 voir

477 1523 546 1574 Se
574 1523 780 1573 diffinit·
804 1525 989 1575 meme
1017 1527 1047 1575 a
1074 1527 1233 1575 noire
1261 1529 1533 1588 avantage
1558 1525 1831 1591 (XXXIII,
1859 1539 1914 1589 p.
1943 1525 2031 1589 28)
2057 1523 2162 1590 (Ι).

292 1708 353 1766 Si
380 1710 568 1768 tristia
593 1711 925 1788 flebiliaque
958 1713 1147 1788 magis
1177 1718 1231 1770 te
1249 1712 1484 1789 juvant,
1518 1698 1721 1770 molles
1764 1719 1900 1770 sunt
1937 1712 2022 1771 illi
2058 1730 2259 1770 versus

214 1807 424 1880 quibus
481 1809 753 1885 opposuit
802 1803 1031 1867 naturae
1081 1809 1349 1874 felicitati
1399 1811 1731 1868 maestitiam
1780 1810 1962 1867 animi
2008 1810 2068 1868 in
2116 1801 2259 1886 ipsis

220 1903 614 1982 voluptatibus
635 1925 807 1964 sensu
826 1907 1382 1983 carentistotiusque
1400 1907 1470 1964 ad
1493 1926 1750 1965 amorem
1766 1925 1934 1965 suum
1955 1907 2214 1966 conversi
2242 1924 2253 1965 :

478 2108 549 2159 Ce
578 2106 745 2172 prim'
770 2109 918 2171 Este,
947 2110 1040 2173 qui
1070 2109 1190 2159 rien
1212 2122 1282 2159 ne
1309 2123 1399 2160 me
1425 2108 1654 2174 produit

480 2191 582 2252 Qui
610 2189 968 2256 m’ejouysse‚
1000 2205 1071 2241 ou
1098 2191 1404 2256 m'apporte
1428 2190 1644 2241 deduit.

472 2274 541 2323 Et
566 2273 615 2324 le
642 2274 840 2338 plaisir
865 2287 972 2339 que
995 2273 1049 2339 je
1074 2288 1188 2338 puy
1213 2274 1487 2335 recevoir,

476 2355 638 2406 M‘est
664 2355 711 2406 si
737 2355 914 2419 grand
944 2355 1095 2407 dueil
1122 2360 1175 2406 et
1200 2356 1249 2406 si
1271 2356 1506 2427 facheush
1525 2357 1558 2406 a
1583 2355 1723 2417 voir,

399 2436 403 2441 ’
468 2439 585 2499 Que
609 2438 886 2489 contreint
911 2439 1050 2499 suiS‚
1080 2439 1323 2501 bon-gre
1351 2439 1706 2502 mal-gre'ma
1731 2439 1820 2490 vie

477 2521 567 2571 Me
593 2521 889 2572 contrister
915 2520 983 2570 de
1006 2534 1098 2570 rna
1120 2518 1245 2585 joye
1272 2520 1536 2571 assouvie
1559 2521 1684 2583 (El,
1714 2536 1766 2585 p.
1796 2519 1900 2585 82).

296 2731 428 2788 Non
464 2730 811 2790 inconcinna
853 2735 1157 2790 venustate
1197 2731 1257 2788 in
1298 2716 1555 2790 carmine
1595 2730 2054 2808 quadragesimo
2093 2731 2255 2808 cupi-

213 2827 407 2886 dinem
436 2846 604 2886 suam
630 2827 978 2887 adhortatur
1006 2847 1016 2886 :

576 2999 658 3049 Va
686 3014 817 3051 mon
844 3000 997 3051 desir
1027 3017 1036 3050 :
1067 2999 1220 3051 force
1245 2999 1371 3065 n’ay
1397 2999 1464 3050 de
1486 2998 1799 3050 retrcindre

575 3085 650 3132 Le
676 3083 833 3133 volet·
859 3084 994 3134 haut
1019 3083 1086 3134 de
1112 3087 1197 3134 tes
1228 3083 1449 3148 plumes
1476 3079 1721 3133 isneles:
1786 3129 1790 3133 .

579 3166 728 3230 Trop
755 3164 882 3231 deja
904 3169 1031 3216 sont
1056 3166 1421 3216 valeureuses
1448 3167 1533 3214 tes
1561 3163 1712 3224 aeleS‚

587 3248 734 3298 Pour
762 3247 883 3298 leur
904 3247 1111 3298 ardeur
1135 3247 1184 3297 si
1212 3250 1292 3297 tot
1313 3246 1548 3311 pouvoir
1577 3245 1846 3318 cteindre.

582 3331 664 3379 Va
693 3343 819 3382 mon
841 3329 1055 3380 desir...
1084 3331 1160 3393 (p.
1185 3330 1273 3394 32)
1293 3328 1389 3393 (2).

271 3566 332 3613 (1)
358 3566 533 3606 Nomen
561 3566 788 3616 Bugnonii
811 3569 853 3607 ct
888 3569 1105 3607 Amorum
1131 3568 1266 3609 toties
1302 3567 1466 3609 iterare
1495 3567 1659 3609 inutile
1687 3567 1838 3608 visum
1866 3569 1952 3608 est.
1982 3566 2095 3607 Puta
2120 3567 2260 3618 igitur

220 3634 598 3686 quotiescumque
636 3645 853 3675 numeros
875 3634 1008 3675 modo
1035 3635 1258 3682 invenies,
1293 3647 1373 3677 eos
1391 3637 1453 3676 ad
1471 3636 1778 3675 Erostamata
1806 3634 2046 3686 pertinere.
2083 3633 2270 3674 Nomen.

221 3711 497 3741 numerusvc
533 3701 754 3741 Romanis
781 3702 904 3755 typis
923 3701 1176 3754 impressus
1201 3714 1382 3744 carmen
1402 3701 1588 3751 indicat,
1609 3701 1725 3743 alter
1752 3701 1982 3754 paginam.

269 3781 323 3835 (2)
350 3781 421 3824 os.
450 3781 611 3825 Lxm.
635 3794 681 3837 p.
716 3783 786 3824 61.
