2508 4212
1023 326 1318 376 -143—

161 459 410 516 daemone
438 457 618 528 abripi
645 457 902 514 comitem
932 457 1058 528 quis
1088 473 1196 513 non
1225 455 1806 527 haereticusjudicabit
1825 456 2192 528 impossibile,

160 550 486 605 clamantem
513 546 841 618 Matiscone,
862 547 1047 602 utsert
1074 546 1327 612 historia,
1350 553 1404 601 et
1429 560 1538 600 non
1568 547 1620 600 in
1651 547 1837 616 sylvis,
1867 550 2196 615 succurrite,

160 634 337 693 cives!
368 639 419 692 5.
450 633 710 704 Denique
736 634 1015 689 veritatem
1046 634 1291 689 historiae
1320 634 1514 702 prohat
1544 635 1748 689 ostium
1780 635 1969 703 palatii
2002 635 2200 692 Matis-

162 724 440 788 conensiS,
470 737 568 792 per
593 723 743 792 quod
777 723 1040 790 abreptus
1067 728 1149 777 est
1183 728 1385 787 comeS,
1416 723 1662 777 clausum
1703 723 1852 791 quod
1892 724 1987 793 qui
2028 725 2202 781 voluit

162 819 356 883 postea
395 813 609 881 aperire
642 810 901 881 Olgerius
943 810 1160 865 comitis
1206 811 1556 882 praepositus,
1601 810 1836 880 ipsemet
1876 827 1906 866 a
1949 812 2201 868 daemone

162 902 427 970 abreptus
454 906 556 970 est,
588 906 650 953 ut
677 900 868 954 scribit
901 899 1092 953 Petrus
1122 896 1481 955 Venerabilis.
1515 902 1569 956 6.
1592 898 1649 952 Si
1682 900 1931 955 fabulosa
1959 899 2059 956 suit
2087 902 2203 957 haec

164 989 418 1055 historia,
476 1002 646 1057 quare
690 988 1023 1055 permissum
1068 985 1360 1041 abbatibus
1405 985 1867 1043 Cluniacensibus
1900 988 2048 1043 illam
2091 1005 2201 1044 non

163 1078 344 1133 solum
373 1077 427 1130 in
463 1074 728 1130 Chronico
759 1075 1106 1130 Cluniacensi
1141 1075 1235 1129 sed
1277 1078 1439 1129 etiam
1468 1074 1520 1129 in
1552 1076 1858 1144 parietibus
1896 1076 2198 1147 depingere

165 1165 443 1234 Ecclesiae,
465 1170 518 1218 et
546 1179 608 1218 ex
638 1163 912 1218 Archiviis
941 1163 1184 1234 proferre
1211 1164 1527 1218 testimonia
1546 1164 2001 1235 sepulturamque
2021 1172 2204 1222 osten-

162 1255 313 1320 dere,
339 1250 613 1307 Guidonis
659 1256 690 1306 3
738 1252 835 1307 filii
863 1253 1079 1306 comitis
1106 1251 1336 1320 abrepti,
1375 1253 1469 1321 qui
1498 1258 1673 1307 tactus
1708 1254 2046 1324 territusque
2093 1262 2200 1309 tam

164 1342 482 1412 prodigiosa
511 1341 684 1408 patris
708 1341 794 1394 sui
829 1347 999 1394 morte
1031 1346 1085 1395 et
1130 1341 1274 1395 bona
1308 1340 1680 1395 ecclesiastica
1726 1341 1931 1410 injuste
1976 1357 2008 1396 a
2049 1350 2204 1415 patre

165 1436 388 1500 accepta
409 1429 669 1498 restituit,
700 1435 754 1483 et
781 1428 971 1483 relicto
999 1428 1281 1494 comitatu,
1309 1443 1434 1482 cum
1461 1431 1530 1483 30
1556 1435 1650 1483 aut
1680 1430 1867 1499 viginti
1891 1446 1955 1485 ex
1981 1430 2203 1486 domes-

166 1520 293 1576 ticis
320 1532 537 1574 sacrum
583 1516 1029 1572 Cluniacensium
1073 1516 1321 1572 habitum
1363 1517 1686 1586 assumpsit,
1733 1533 1904 1588 seque
1954 1519 2201 1576 Cluniaci

166 1614 340 1665 totum
361 1608 548 1663 divino
575 1607 845 1678 obsequio
876 1607 1225 1675 mancipavit,
1256 1606 1402 1676 quod
1434 1608 1594 1675 plane
1615 1606 1909 1663 ridiculum
1938 1607 2134 1665 fuisset
2154 1612 2199 1665 si

169 1704 378 1768 patrem
402 1711 563 1752 suum
592 1703 878 1752 venantem
916 1696 969 1749 in
991 1695 1166 1749 forma
1191 1694 1504 1749 daemonum
1539 1695 1793 1752 monachi
1833 1698 2205 1766 diripuissent

171 1795 227 1842 et
257 1786 707 1858 discerpsissent,
741 1791 804 1839 ut
843 1784 998 1838 affert
1038 1783 1359 1854 Bugnonus.
1405 1782 1599 1854 Neque
1649 1785 2016 1842 omittendum
2057 1787 2203 1856 quod

170 1875 336 1931 refert
362 1873 607 1930 Andreas
637 1872 1020 1938 Quercetanns
1051 1873 1103 1926 in
1129 1873 1272 1926 notis
1298 1871 1365 1926 ad
1396 1875 1604 1941 caputl
1641 1872 1731 1928 lib.
1761 1877 1792 1927 ⁶2
1826 1874 1895 1929 de
1919 1873 2207 1930 Miraculis

173 1978 205 2019 a
238 1962 399 2019 Petro
429 1960 736 2017 Venerabili
765 1960 1093 2029 conscriptis
1123 1979 1134 2014 ε
1171 1958 1291 2015 Non
1321 1958 1578 2017 absimile
1599 1961 1714 2033 (ait)
1739 1977 1849 2033 Jam
1877 1970 2036 2018 antea
2072 1979 2207 2019 con-

92 2046 95 2049 ’
174 2049 614 2123 tigitGuillelmo
642 2051 724 2106 vel
753 2050 931 2106 eidem
960 2050 1041 2104 vel
1072 2050 1229 2103 alteri
1254 2114 1258 2118 ,
1279 2047 1672 2105 Matisconensi
1703 2053 1913 2107 comiti.
1935 2061 1995 2108 ut
2025 2059 2210 2109 narrat

172 2140 494 2197 Ademarus·
517 2139 571 2194 in
603 2138 864 2195 chronico
915 2140 1363 2208 Augustanorum
1412 2138 1496 2193 his
1532 2140 1715 2195 verbis
1747 2160 1758 2194 :
1813 2162 1838 2189 «
1875 2140 2209 2197 Guillelmus

172 2235 536 2301 cognomento
563 2228 1133 2292 Buccauncta,comes
1161 2225 1599 2292 Matisconensis‚
1617 2230 1877 2297 quoniam
1901 2236 2204 2286 monacbos

172 2318 558 2375 Cluniacenses
587 2318 825 2374 coenobii
857 2317 1105 2380 vexabat,
1135 2331 1369 2370 censura
1396 2315 1462 2371 ab
1498 2317 1692 2372 abbate
1721 2333 2018 2391 percussus
2045 2334 2202 2390 gres-

170 2422 294 2464 sum
325 2422 562 2471 movere,
593 2422 718 2461 cum
745 2406 1027 2459 ambulare
1057 2404 1236 2469 vellet,
1271 2420 1377 2458 non
1413 2406 1593 2472 potuit
1631 2426 1675 2462 »,

245 2493 310 2550 Et
350 2495 466 2550 haec
506 2495 652 2550 dicta
707 2494 986 2549 sufficiant
1039 2494 1089 2547 in
1137 2491 1513 2547 defensionem
1573 2494 1711 2550 Petri
1759 2493 2100 2551 Venerabilis
2157 2501 2212 2551 et

173 2584 782 2656 iinpugnationemtam
821 2581 1207 2637 baereticorum
1257 2579 1608 2637 Valdensium
1654 2598 1746 2638 seu
1785 2599 2095 2653 pauperum
2143 2584 2213 2639 de

170 2670 463 2742 Lugduno,
483 2687 647 2743 quam
666 2672 1047 2726 baereticorum
1067 2669 1488 2725 Calvinistarum
1509 2687 1651 2741 quos
1678 2678 1858 2727 tuetur
1881 2672 2209 2743 Bugnonu3‚

174 2760 499 2816 eorumdem
520 2766 758 2816 sectator
791 2758 1103 2831 eggregius.
