2508 4212
1167 401 1230 410 -
1268 374 1366 424 142

288 502 384 558 lib.
413 507 446 558 3
474 503 541 559 de
569 519 736 574 regno
763 504 1102 576 Burgundiae
1134 522 1254 579 cap.
1299 510 1389 572 61,
1446 507 1542 562 sed
1568 507 1774 564 diserte
1801 508 1875 566 M.
1917 508 2158 567 loannes
2189 511 2330 570 Ger-

292 607 487 660 manus
512 593 813 663 episcopus
840 593 1247 652 Cabillonensis
1288 597 1342 651 in
1390 611 1591 665 mappa
1636 598 1826 653 mundi
1866 600 2032 655 verbo
2074 599 2327 664 Matisco,

285 695 432 736 anno
484 683 647 745 4449,
699 681 908 739 scilicet
959 686 1218 740 comitem
1271 683 1735 741 Matisconensem
1776 688 2023 743 simulet
2071 688 2333 746 Cabillio-

288 785 535 836 nensem‚
584 769 998 841 Gothol'ridum,
1030 772 1113 828 vel
1141 779 1202 828 ut
1251 774 1344 827 alii
1390 774 1603 839 volunt,
1648 773 2013 843 willelmum,
2053 777 2332 834 decimum

287 859 546 931 quintum
574 861 832 915 comitem
861 861 1034 935 fuisse
1065 878 1094 916 a
1124 861 1509 918 cacodaemone
1533 865 1845 933 abreptum.
1882 866 2026 920 Audi
2053 865 2327 938 Bugnonij

287 946 599 1018 eggregium
643 957 1073 1005 commentum:
1132 971 1160 1004 «
1223 949 1366 1007 Dum
1408 950 1780 1007 deambulavit
1829 952 1944 1026 (ait)
1977 970 2161 1011 comes
2188 957 2333 1013 circa

292 1038 493 1091 moenia
517 1053 548 1107 a
574 1037 1353 1103 monachisfssluniacensibus
1399 1042 1452 1096 in
1481 1043 1725 1111 speciem
1764 1042 2078 1099 daemonum
2123 1045 2331 1102 vestitis

285 1126 502 1181 occisus
522 1133 605 1182 est
628 1126 862 1193 ».,Quod
886 1128 1555 1202 putidum2haereticorum
1579 1129 2073 1187 Matisconensium
2104 1136 2334 1205 figmen-

286 1221 407 1271 tum
449 1213 710 1286 subjectae
754 1218 1000 1274 rationes
1044 1219 1299 1274 videntur
1354 1220 1693 1275 eventilare:
1749 1223 1796 1274 l.
1827 1223 1958 1292 quia
2009 1238 2038 1276 a
2086 1228 2331 1292 tempore

286 1302 431 1358 Petri
466 1303 805 1361 Venerabilis
832 1322 1010 1380 usque
1036 1306 1102 1362 ad
1139 1307 1468 1378 Bugnonum
1502 1307 1570 1364 de
1615 1310 1840 1365 veritate
1875 1309 2116 1367 historiae
2161 1312 2330 1370 dubi-

285 1394 418 1447 tavit
443 1408 624 1450 nemo.
658 1399 707 1449 2.
738 1394 941 1451 Nullus
978 1397 1382 1467 hystoricorum
1419 1403 1579 1469 negat
1623 1397 1989 1454 Gotofredum
2019 1399 2100 1455 vel
2146 1399 2330 1457 Villel-

283 1497 437 1538 mum
464 1481 718 1539 comitem
747 1485 921 1540 fuisse
949 1485 1110 1542 talem
1143 1485 1358 1556 qualem
1388 1487 1655 1543 describit
1685 1487 1893 1553 Petrus,
1931 1490 2091 1560 longe
2127 1506 2330 1560 exupe-

284 1577 498 1629 rantem
537 1573 771 1630 aliorum
817 1576 1142 1644 praedonum
1189 1577 1516 1646 nequitiam,
1561 1579 1657 1647 qui
1702 1594 1812 1634 non
1841 1578 2019 1635 solum
2067 1595 2133 1635 ex
2174 1586 2330 1650 parte

237 1663 239 1665 ’
289 1660 661 1719 Ecclesiarum
683 1665 1023 1721 substantias
1044 1666 1373 1734 diripuerat,
1405 1666 1498 1722 sed
1528 1667 1739 1722 reditus
1767 1683 1956 1723 earum
1985 1683 2179 1724 omnes
2205 1684 2333 1724 cum:

285 1753 403 1807 suis
432 1755 887 1822 possessionibus
916 1757 1023 1811 sibi
1064 1756 1344 1826 tyrannica
1387 1758 1646 1813 violentia
1674 1759 2015 1828 subJugarat,
2054 1758 2227 1828 quod,
2254 1757 2330 1814 ait

288 1842 501 1907 Petrus,
535 1850 682 1913 patet
708 1860 771 1900 ex
794 1845 967 1901 ruinis
995 1845 1383 1911 Ecclesiarum,
1414 1854 1517 1902 etc.
1542 1851 1592 1902 3.
1626 1848 1774 1902 Patet
1795 1864 1858 1903 ex
1879 1848 2110 1903 historia
2134 1863 2328 1919 regum

285 1931 620 1988 Francorum
641 1949 749 2003 qua
767 1933 952 1990 videas
975 1935 1293 2013 Philippum
1316 1936 1627 2008 Augustum
1651 1935 1739 2009 (ex
1758 1937 2114 1993 Belleforesio
2145 1937 2241 1994 lib.
2270 1940 2335 2006 3,.

283 2036 403 2090 cap.
430 2025 519 2087 53,
549 2038 636 2078 an.
667 2026 805 2079 4464
825 2026 882 2079 et'
903 2023 1146 2080 Roberto
1177 2024 1431 2096 Gaguino
1454 2027 1506 2080 in
1529 2026 1784 2096 Augusto
1816 2028 1910 2083 lib.
1941 2025 1996 2100 6)
2028 2025 2328 2099 castigasse

285 2108 588 2166 lutbertum
608 2112 675 2166 de
694 2111 959 2183 Bellijoco
988 2119 1040 2168 et
1068 2111 1541 2169 Cabillonensium
1570 2116 1827 2171 comitem
1859 2114 1951 2185 qui
1980 2115 2180 2183 predas
2201 2113 2323 2188 (ait)

280 2213 349 2255 ex
376 2201 548 2256 sacris
571 2201 709 2257 locis
735 2210 959 2274 agentes
991 2204 1136 2259 viros
1165 2190 1453 2274 religiosos·
1497 2205 1705 2275 magnis
1754 2203 2120 2260 incommodis
2165 2219 2328 2260 vexa-

282 2296 426 2356 rant,
476 2292 760 2360 praeventi,
812 2293 888 2346 ait
939 2291 1333 2348 Belleforesius
1392 2294 1489 2350 lib.
1533 2293 1600 2363 3,
1655 2309 1774 2363 cap.
1828 2295 1917 2348 59.
1972 2309 2118 2358 anno
2164 2295 2325 2366 ⁴184,

281 2378 569 2448 opiniones
598 2396 902 2453 pauperum
930 2382 998 2437 de
1024 2380 1297 2454 Lugduno
1327 2381 1441 2454 [qui
1473 2384 1880 2439 ecclesiasticos
1907 2384 2071 2439 bonis
2107 2390 2325 2452 tempo-

282 2467 492 2524 ralibus
522 2471 814 2539 privandos
835 2487 955 2526 esse
977 2472 1370 2544 praedicabant]
1396 2471 1492 2545 (4).
1519 2472 1621 2528 Sed
1647 2474 1879 2542 observa
1907 2473 2068 2528 verba
2099 2471 2324 2529 Roberti

283 2556 560 2630 Guaguini
610 2560 706 2615 lib.
747 2564 779 2615 6
828 2561 1144 2630 compendii
1188 2562 1242 2618 in
1296 2561 1575 2617 Ludovico
1618 2560 1837 2633 juniore
1868 2577 1881 2617 ε
1912 2563 2008 2616 ubi
2062 2560 2324 2632 castigato

283 2646 581 2704 Guillelmo
610 2649 865 2705 Podiensi
895 2651 1095 2705 comite
1123 2657 1175 2705 et
1206 2650 1648 2706 Claromontensi
1680 2652 1929 2720 principe
1959 2658 2012 2706 et
2040 2650 2323 2707 Polliniaci

281 2737 602 2794 vicecomite
634 2740 782 2810 quod
808 2740 1068 2795 ecclesias
1097 2740 1512 2809 popularentur.
1547 2740 1661 2796 Rex
1697 2741 1884 2810 praelio
1915 2742 2084 2796 victos
2115 2742 2167 2795 in
2207 2740 2325 2794 vin-

282 2825 421 2882 culis
443 2828 655 2896 habuit,
673 2829 881 2885 scilicet
899 2831 1419 2886 Willelmum.Anno
1443 2835 1460 2883 l
1483 2833 1605 2886 468.
1621 2847 1683 2887 ex
1703 2829 1992 2886 BelforeS.:
2019 2837 2132 2885 tum
2151 2831 2326 2899 pergit

281 2914 577 2983 Robertus‚
611 2918 781 2972 movit
811 2920 863 2974 in
897 2918 1338 2975 Cabillonensem
1367 2922 1624 2976 comitem
1662 2921 1759 2990 qui
1787 2935 1912 2974 cum
1941 2917 2323 2975 cluniacensis

285 3006 561 3076 spoliandi
589 3007 690 3062 loci
710 3023 895 3078 causa,
919 3008 1251 3064 satellitibus
1272 3010 1510 3078 stipatus
1540 3010 1988 3079 proficisceretur
2021 3007 2326 3065 caenobitas

284 3098 509 3151 sacratis
544 3095 660 3152 Deo
684 3099 929 3153 vestibus
958 3106 1203 3166 ornatos,
1227 3115 1350 3154 cum
1386 3100 1553 3154 multa
1582 3100 1739 3168 plebe
1770 3100 1847 3153 illi
1880 3099 2095 3153 obviam
2137 3112 2323 3153 occur-

285 3194 467 3242 rentes
492 3196 821 3251 reverenter,
854 3189 1127 3257 spoliavit,
1155 3188 1472 3259 quingentis
1489 3205 1551 3244 ex
1584 3189 1788 3258 populo
1812 3188 2141 3255 interl'ectis3
2173 3186 2322 3258 quod

289 3276 551 3348 flagitium
578 3278 802 3334 ulturus
831 3293 923 3333 rex
954 3278 1236 3334 Cabillone
1258 3287 1310 3333 et
1339 3284 1523 3333 monte
1546 3277 1608 3332 S²¹
1642 3276 1911 3332 Vincentii
1935 3278 2174 3353 receptis
2200 3292 2322 3346 quae

285 3366 504 3421 comitis
524 3372 699 3429 erant,
724 3367 1099 3438 bipertitoque
1121 3368 1456 3437 principatu,
1474 3367 1655 3438 Burgu
1668 3369 1902 3423 odorum
1929 3367 2056 3422 duci
2089 3372 2324 3438 partem>

284 3453 509 3508 alteram
532 3453 894 3510 Nivernorum
916 3457 1100 3511 comiti
1119 3457 1290 3512 dedit.
1321 3457 1474 3511 Adde
1495 3459 1546 3510 4.
1574 3455 1868 3531 hubertum
1902 3456 2340 3525 Bellijocensem·

287 3544 608 3611 paenituisse
655 3551 716 3598 ut
779 3545 1019 3601 vidimus
1070 3544 1255 3598 indice
1311 3544 1378 3598 (le
1423 3544 1591 3599 claris
1639 3544 1907 3598 milicia:
1953 3544 2091 3598 nihil
2141 3548 2322 3599 autem

285 3633 517 3701 reperivi
561 3633 629 3688 de
676 3632 994 3702 paenitentia
1039 3635 1260 3690 comitis
1316 3633 1744 3691 Matisconensis
1797 3640 2024 3705 propter
2073 3647 2239 3703 quam
2291 3647 2323 3686 a

335 3794 389 3843 (l)
412 3794 458 3836 ln
486 3795 685 3843 margine
711 3794 811 3836 cod.
846 3794 987 3835 Mons.
1022 3796 1195 3840 Desunt
1217 3797 1261 3838 in
1289 3796 1439 3839 codice
1466 3796 1606 3849 Lugd.

2474 0 2508 127 l

2494 133 2508 204 i

2498 211 2508 287 ξ

2499 363 2508 379 ’.ι

2496 384 2508 405 'i

2504 541 2508 549 l

2501 3535 2508 3562 i

2500 3574 2508 3608 i

2501 3615 2508 3639 i
