2508 4212
995 397 1054 405 -
1092 367 1155 417 33
1187 367 1256 403 ⁵-

722 537 824 646 111.
864 623 941 631 —
974 587 1358 649 ADDENDA
1391 590 1478 665 (1)
1521 607 1533 648 :

208 785 262 845 1.
299 785 531 860 (1564).
561 786 666 846 Ad
697 787 1037 862 eqreyium
1053 789 1367 848 Jacobum
1395 788 1834 848 Vintimilium
1850 789 2150 848 Rhodum

124 875 450 962 δεκάστιχον.
505 880 760 959 Incipit.
780 883 1066 943 Xenius
1107 885 1220 942 ille
1258 888 1500 959 potens.
1546 885 1611 942 In
1652 883 1852 943 limine
1883 883 2020 942 libri
2052 884 2151 960 qui

121 976 462 1042 inscribitur
499 971 784 1052 Thcayes
815 997 898 1038 ou
931 980 1004 1038 de
1032 980 1096 1038 la
1122 980 1459 1055 Samariae,
1496 979 1649 1038 trad.
1682 999 1788 1059 par
1813 979 2145 1092 Tredehan.

122 1072 313 1152 Lyon,
342 1072 448 1132 Ch.
481 1073 833 1166 Pesnot(2).

200 1191 262 1251 2.
296 1190 530 1269 (1573).
553 1191 610 1250 A
638 1192 1101 1268 Monseiqneur
1117 1197 1457 1257 Monsieur
1473 1200 1548 1257 de
1570 1197 1951 1265 Chai-tillon,
1974 1194 2154 1272 presi-

119 1285 344 1346 dentes
398 1305 567 1346 cours
598 1287 670 1346 de
708 1288 770 1346 la
808 1288 1237 1362 Senechaucee,
1274 1294 1436 1370 siege
1468 1292 1822 1371 presidial...
1890 1289 2154 1368 Epistola

121 1401 296 1460 quam
332 1384 733 1463 praefationem
771 1374 1096 1463 praeposuit
1135 1390 1599 1449 ordinationibus
1637 1388 1888 1467 politicis
1944 1387 2155 1464 quibus

119 1479 348 1540 titulus
378 1481 717 1540 inscribitur
769 1499 781 1540 ε
846 1482 1261 1545 Ordonnances
1310 1493 1654 1546 contenants
1710 1485 1764 1544 le
1817 1483 2161 1561 reiglement

119 1576 520 1654 provisionnal
561 1596 706 1654 pour
738 1577 798 1636 la
830 1578 1015 1655 police
1044 1580 1115 1639 de
1141 1580 1198 1639 la
1223 1581 1360 1641 ville
1393 1583 1463 1642 de
1489 1584 1652 1661 Lyon
1679 1588 1736 1640 et
1771 1579 2158 1654 faulxbourgs

121 1658 370 1732 d'icelle.
423 1673 594 1731 Faict
644 1693 721 1733 au
759 1675 996 1734 Bureau
1055 1676 1284 1755 estably
1333 1698 1406 1737 en
1468 1678 1683 1737 ladicte
1725 1676 1881 1746 ville,
1920 1695 2028 1754 par
2074 1674 2159 1733 les

123 1751 564 1828 Commissaires
595 1776 630 1828 a
669 1789 734 1829 ce
769 1771 1012 1830 commis
1052 1784 1109 1831 et
1144 1773 1384 1850 deputez
1440 1780 1695 1853 suyvant
1734 1773 1949 1832 l'Edict
1984 1771 2054 1830 de
2096 1790 2162 1829 sa

122 1863 394 1941 Majeste.
427 1865 618 1943 Lyon‚
653 1866 831 1937 1573,
861 1866 1035 1945 Apud
1067 1869 1214 1928 Jove
1248 1870 1363 1944 (3).

206 1981 267 2041 3.
301 1981 530 2059 (1573).
561 1984 616 2042 A
656 1983 998 2043 l'honneur
1030 1988 1118 2044 du
1147 1988 1468 2063 Seiyneur
1492 1988 1793 2047 Paradin
1833 1990 1890 2045 et
1935 1989 2158 2044 autres

124 2079 445 2139 excellens
509 2081 1076 2157 Izistorz'oqraplaes.
1125 2084 1208 2141 M.
1247 2083 1535 2142 Philibert
1572 2084 1888 2161 Bugnyon‚
1919 2083 2158 2140 docteur

121 2181 180 2234 et
202 2175 449 2234 advocat
465 2194 535 2234 en
554 2174 614 2234 la
632 2175 1034 2236 Senechaucee
1045 2224 1165 2237 .....
1193 2181 1405 2250 Sonet,
1429 2182 1486 2238 in
1509 2181 1787 2252 Paradin,
1813 2177 2155 2238 Me'moires

121 2273 198 2331 de
224 2270 530 2331 l’histoire
554 2274 629 2331 de
652 2273 852 2349 Lyon.
889 2274 1056 2350 (Ant.
1087 2276 1347 2353 Gryphe‚
1386 2277 1565 2350 1573)
1594 2274 1697 2354 (4).

123 2431 627 2485 France(‹:10101.xx1v)‚
654 2434 891 2486 creignant
919 2435 973 2475 de
999 2435 1064 2475 les
1098 2436 1258 2487 perdre
1288 2439 1331 2476 et
1356 2448 1514 2486 egarer
1535 2442 1660 2477 entre
1708 2448 1801 2476 mes
1835 2435 2075 2489 rapsodies
2112 2438 2154 2475 et

122 2501 378 2547 memoires‚
404 2503 447 2540 et
466 2511 493 2540 a
516 2512 565 2540 ce
596 2512 683 2552 que
708 2513 790 2552 par
816 2513 896 2540 voz
926 2503 1075 2542 mains
1100 2508 1142 2542 et
1167 2503 1353 2543 adresse
1383 2505 1437 2543 ilz
1461 2508 1623 2555 soyent
1651 2504 1997 2555 communiquez
2023 2503 2046 2542 ὲ
2068 2513 2152 2542 noz

122 2568 489 2617 contemporains
515 2568 558 2606 et
581 2567 607 2606 a
636 2568 757 2606 toute
786 2567 828 2607 la
859 2567 1090 2619 postet-ite,
1112 2569 1157 2619 je
1184 2570 1282 2609 suis
1306 2570 1399 2608 este
1425 2569 1522 2621 prie
1551 2572 1592 2609 et
1622 2568 1879 2621 importune
1905 2568 1972 2609 les
2004 2572 2154 2609 trans·

123 2629 238 2672 crire
267 2643 320 2672 en
347 2643 394 2672 ce
418 2631 643 2673 discours.
677 2646 696 2670 n
722 2632 790 2683 (86
814 2634 892 2685 νο).

175 2698 237 2750 (1)
269 2698 379 2739 Vide
405 2710 546 2750 supra
588 2699 709 2750 quod
742 2699 835 2750 jam
866 2700 1066 2741 diximus
1097 2701 1151 2741 de
1187 2702 1380 2754 epistola
1410 2702 1464 2742 ad
1493 2702 1717 2754 Angelum
1747 2702 1934 2748 Papium
1958 2707 2001 2742 et
2037 2704 2156 2743 notis

124 2765 249 2819 operi
276 2764 513 2806 Zoanneui
543 2765 786 2815 adjunctis.

175 2832 234 2879 ‹2›
263 2831 458 2887 Eosdem
490 2844 655 2872 versus
679 2833 802 2884 legas
829 2833 873 2873 in
896 2835 1100 2883 Lenibus
1130 2834 1472 2884 abroyatis‚ed.
1495 2834 1608 2882 1578,
1640 2846 1743 2887 pag.
1774 2834 1864 2884 133,
1889 2835 1966 2875 ubi
1992 2835 2160 2888 Hospi-

124 2897 228 2938 talis
258 2897 478 2950 auspiciis
508 2910 609 2939 sese
635 2910 712 2939 eos
734 2900 991 2955 scripsisse}
1007 2900 1271 2950 Buguonius
1294 2901 1539 2952 significat.

178 2962 238 3014 (3)
269 2962 472 3005 Priorem
513 2964 758 3005 editionem
790 2977 1060 3018 recuperare
1102 2978 1191 3006 non
1233 2967 1390 3018 potui;
1420 2969 1569 3006 exstet
1597 2978 1704 3007 vero
1734 2967 1876 3008 altera
1914 2969 1957 3007 in
1979 2967 2160 3008 Archiv.

124 3030 225 3071 urb.
253 3030 399 3081 Lugd.
433 3030 569 3082 (RF.
595 3031 768 3072 Invent.
796 3031 993 3084 Chappe,
1015 3032 1066 3079 V,
1096 3032 1232 3080 83-98,
1259 3032 1399 3073 liasse
1423 3033 1463 3083 ὃ,
1486 3041 1534 3072 n·
1559 3033 1600 3084 1)
1634 3034 1756 3086 apud
1782 3034 1896 3075 Jean
1923 3034 2162 3075 Pillehotte

125 3107 289 3138 excusa
318 3108 512 3137 uuxcix.

181 3162 366 3204 Erravit
382 3162 601 3204 Pericaud
620 3164 782 3213 (Noces
800 3170 842 3204 et
858 3166 1091 3205 documen
1101 3171 1157 3212 ts,
1179 3165 1328 3213 1573,9
1347 3165 1452 3216 fe‘v.)
1470 3166 1565 3218 qui,
1584 3165 1711 3206 Patri
1732 3165 2005 3207 Menestrier
2029 3168 2163 3208 confi-

128 3241 226 3277 sus.
246 3233 361 3270 totas
389 3229 702 3284 ordinationes
725 3232 1053 3283 conscripsisse
1102 3233 1390 3286 Bugnoniurn
1424 3232 1639 3278 declarat,
1670 3244 1773 3272 nam
1828 3233 1899 3273 hic
1950 3245 2005 3274 ne
2048 3234 2166 3274 inter

128 3297 304 3348 legatos
331 3295 532 3348 quidem,
563 3297 733 3348 quibus
755 3309 828 3337 res
868 3298 1119 3339 commissa
1147 3302 1259 3346 erat,
1284 3299 1672 3339 annumerabatur
1721 3299 1791 3347 (V.
1829 3299 1941 3340 Acta
1976 3301 2159 3341 consul.

131 3360 213 3402 ΒΒ.
238 3361 304 3409 90,
326 3361 359 3401 [0
409 3373 646 3402 cnxxxmx
691 3364 768 3414 v⁰).
805 3364 1013 3403 Ceterum
1056 3364 1163 3415 quid
1196 3364 1286 3403 sibi
1320 3365 1612 3416 proposuerit
1638 3366 1736 3416 ipse
1779 3367 1994 3406 nuntiat:
2023 3382 2042 3403 ε
2077 3367 2169 3406 Par

130 3427 252 3468 ainsi
286 3433 426 3478 ayant
455 3427 546 3468 este
571 3429 779 3477 informe,
800 3429 1137 3480 Monseigneur,
1186 3441 1271 3481 que
1289 3442 1403 3470 vous
1433 3431 1559 3471 aviez
1599 3430 1757 3471 dresse
1774 3443 1835 3471 un
1874 3433 2039 3472 recueil
2084 3433 2164 3472 des

131 3494 314 3535 articles
330 3494 543 3535 accordez
568 3506 628 3535 au
652 3494 827 3536 bureau
844 3495 898 3535 de
918 3496 1115 3547 lapolice
1144 3495 1197 3535 de
1216 3501 1334 3536 ceste
1348 3497 1470 3545 ville,
1489 3501 1531 3536 et
1560 3497 1639 3548 qui
1682 3497 1881 3538 donnent
1920 3498 2167 3549 reglement

131 3558 587 3612 pourl'advenirace
605 3562 681 3612 qui
709 3573 757 3600 se
787 3561 882 3601 doit
913 3561 1039 3608 faire,
1063 3562 1108 3612 je
1142 3573 1211 3601 me
1238 3563 1336 3601 suis
1375 3562 1534 3603 advise
1567 3562 1622 3603 de
1651 3562 1825 3604 donner
1851 3564 1878 3604 a
1899 3565 2115 3605 enteudre
2139 3566 2166 3605 ἐι

131 3637 194 3667 un
219 3626 390 3667 chacun
419 3627 529 3679 qu'il
552 3639 666 3667 vous
685 3627 780 3667 doit
822 3628 1200 3679 principalement
1228 3632 1346 3669 estre
1374 3628 1602 3675 emisam-e,
1633 3639 1805 3669 comme
1856 3632 1882 3670 a
1908 3631 2038 3682 celuy
2085 3632 2163 3682 qui

132 3691 189 3733 l’a
212 3690 395 3745 dispose
423 3697 466 3734 et
483 3692 700 3739 ordonne.
726 3705 895 3734 mesme
921 3693 1016 3733 doit
1039 3697 1157 3734 estre
1192 3694 1280 3734 mis
1306 3706 1359 3734 en
1391 3694 1582 3735 lumiere
1607 3696 1750 3735 soubs
1779 3695 1977 3748 l'appuy.
2010 3698 2166 3737 faveur

131 3761 176 3799 et
198 3758 425 3799 author-ite
452 3759 506 3800 de
534 3763 686 3801 vostre
709 3771 865 3801 nom...
887 3760 926 3799 A
945 3761 1087 3811 Lyon‚
1110 3760 1154 3800 la
1178 3761 1316 3812 vigile
1341 3760 1395 3801 de
1416 3761 1636 3813 Pasques,
1655 3761 1697 3802 le
1714 3762 1762 3803 21
1781 3762 1836 3803 de
1854 3753 1987 3804 'mars
2005 3763 2119 3804 1573.
2143 3778 2164 3802 ιι

183 3822 240 3877 (4)
263 3823 361 3864 Hos
386 3836 551 3866 versus
575 3825 819 3866 Bullodius
844 3827 1047 3866 noverat.
1078 3824 1135 3865 V.
1164 3827 1271 3878 App.
1305 3827 1517 3878 primam.

1987 3879 2014 3924 3
