2508 4212
949 347 1290 401 1-67—

50 445 202 572 μ’
204 430 386 537 Volo
417 475 548 537 haec
587 477 814 538 sincera
852 498 978 539 esse
1023 500 1127 540 nec
1175 483 1246 540 ab
1289 502 1358 542 ea
1403 483 1717 560 cupiditate
1758 481 2017 560 profecta
2063 483 2175 542 sibi

75 572 536 667 ,patrocimum
585 573 828 632 maxrmi
871 576 978 632 viri
1028 576 1401 647 conciliandi,
1447 585 1705 637 attamen
1760 579 1912 655 quod
1969 597 2172 638 versus

83 668 372 740 dicunt,
401 687 605 728 versus
631 670 742 747 ipsi
768 669 1063 730 refellunt.

234 771 522 842 Primum,
571 773 839 849 quamvis
875 774 1131 851 Tyardei
1166 795 1435 836 numeros
1474 778 1765 838 interdum
1791 752 2048 837 imitetur
2072 776 2176 857 (l),

155 880 349 934 noster
373 868 432 926 in
459 868 761 927 scribendo
785 868 971 928 multo
997 871 1298 930 obscurior
1316 873 1741 951 horridiorque,
1767 879 1846 943 et,
1867 893 1938 933 ne
1963 873 2183 934 multus

156 962 218 1022 in
243 979 305 1021 re
328 970 550 1041 aperta,
579 965 817 1024 omnino
842 965 1164 1025 dissimilis.

237 1065 386 1125 Dein
411 1066 533 1144 ipse
559 1066 865 1146 Tyardeus
891 1068 1141 1128 aliorum
1168 1070 1424 1129 imitator
1449 1078 1559 1142 est,
1583 1072 1705 1149 qui,
1735 1071 1925 1149 quoad
1958 1072 2188 1132 Pleiadi

157 1161 553 1240 adscriptitius
576 1163 721 1222 civis
754 1165 1018 1233 accessit,
1051 1166 1201 1225 inter
1234 1168 1585 1243 gravitatem
1617 1169 1802 1228 Saevae
1830 1175 1887 1227 et
1918 1168 2188 1227 dulcedi-

44 1276 63 1300 *³
122 1275 292 1316 <nem
323 1257 545 1318 Gelasii
577 1260 690 1334 (ἓ),
721 1280 823 1319 seu
862 1262 1113 1338 priorem
1158 1282 1394 1339 aequare
1427 1284 1487 1323 se
1528 1284 1698 1342 posse
1751 1266 2080 1342 desperavit
2098 1265 2187 1343 (3)

158 1372 262 1414 seu
317 1359 542 1413 tantam
586 1356 763 1415 totius
803 1357 947 1415 artis
990 1359 1350 1418 eversionem
1401 1362 1719 1437 pertimuit,
1765 1362 2038 1438 quiddam
2080 1361 2191 1420 sibi

122 1509 124 1512 ,
159 1449 413 1510 medium
439 1450 640 1528 elegit.

237 1545 560 1606 Veniamus
600 1548 786 1626 igitur
825 1549 898 1607 ad
932 1550 1248 1626 magistros
1279 1571 1526 1628 quorum
1549 1553 1606 1612 in
1636 1553 1810 1611 verba
1835 1553 2035 1612 nullus
2057 1560 2182 1612 tum

155 1641 410 1721 scriptor
431 1642 565 1714 fuit,
588 1645 685 1721 qui
712 1645 943 1722 quidem
972 1665 1173 1705 versus
1196 1648 1255 1705 in
1291 1649 1485 1707 animo
1517 1650 1778 1708 condere
1803 1649 2062 1720 haberet,
2086 1649 2186 1726 qui

50 1768 117 1794 w
160 1756 279 1807 non
303 1740 554 1819 juraret.

239 1834 415 1896 Anno
460 1854 734 1905 01o1oL111,
782 1840 831 1898 si
871 1840 990 1899 fere
1028 1841 1296 1899 omnibus
1339 1841 1625 1910 credereS,
1664 1846 1784 1900 tota
1830 1840 2029 1900 Gallia
2077 1860 2193 1900 uno

158 1922 360 1992 'amore
389 1931 684 1992 Ronsardi
712 1933 1130 1995 incendebatur
1152 1936 1653 2013 detinebaturque.

239 2034 330 2096 Re
373 2055 534 2106 vera,
577 2036 911 2114 quanquam
946 2039 1073 2097 haec
1128 2040 1189 2097 in
1234 2040 1394 2098 brevi
1442 2046 1753 2116 conspeetu
1786 2041 2191 2100 tantummodo

46 2157 73 2218 J
96 2137 135 2201 ξ,
155 2149 372 2212 ponere
418 2130 579 2203 licet,
620 2133 810 2191 divisa
849 2143 1000 2217 erat,
1048 2142 1111 2194 ut
1159 2136 1408 2206 videtur,
1453 2135 1649 2194 Gallia
1690 2137 1749 2194 in
1801 2143 1997 2213 partes
2043 2145 2186 2207 treS,

61 2232 292 2309 qsq'uae
353 2236 420 2288 ut
485 2247 520 2287 a
576 2229 842 2288 manibus
904 2232 1313 2290 abstinuerunt
1369 2238 1471 2290 aut
1519 2251 1718 2309 pacem
1767 2233 2051 2300 fecerunt,
2110 2235 2191 2293 ita

155 2328 352 2397 tamen
386 2323 749 2402 aliquamdiu
775 2345 909 2384 suos
943 2346 1184 2404 quaeque
1213 2347 1399 2386 mores
1425 2328 1802 2405 hominesque
1826 2329 2102 2388 habuere.

235 2418 390 2480 Hinc
412 2419 757 2479 Ronsardus
785 2423 1011 2499 suique,
1042 2424 1207 2481 illinc
1233 2423 1504 2482 Gelasius
1538 2443 1850 2501 omnesque
1875 2426 1974 2502 qui
1998 2427 2188 2484 Maro-

46 2505 124 2566 st,
155 2509 332 2591 ticam
362 2517 611 2576 formam
655 2538 890 2578 servare
930 2526 987 2578 et
1015 2520 1252 2579 reddere
1290 2521 1763 2597 perseverabant.
1800 2523 1887 2581 De
1928 2522 2020 2580 his
2045 2522 2188 2580 satis

156 2612 375 2673 dictum
392 2619 502 2688 est,
523 2614 630 2674 etsi
654 2614 853 2674 forsan
881 2617 1272 2693 necessarium
1290 2617 1365 2676 sit
1388 2617 1782 2676 demonstrare
1806 2636 1935 2676 eam
1955 2636 2180 2695 paoem,

199 2794 258 2842 (1)
271 2796 339 2835 Cf.
365 2796 478 2842 nug.
508 2805 553 2843 p.
583 2797 624 2835 77
641 2799 685 2836 et
708 2798 822 2835 Err.
853 2804 1035 2835 amour.
1069 2798 1101 2843 Ι,
1123 2806 1164 2843 p.
1194 2799 1253 2835 45.

199 2869 261 2917 (1)
276 2869 344 2908 Du
366 2877 503 2916 grave
523 2871 659 2909 Sceve
671 2873 715 2910 et
738 2871 800 2909 du
825 2872 949 2910 doux
972 2872 1124 2910 sainct
1148 2872 1307 2917 Gelays
1329 2873 1456 2917 (Err.
1475 2880 1568 2911 am.
1594 2873 1625 2917 1,
1644 2882 1691 2919 p.
1722 2875 1797 2917 77).

203 2943 264 2988 (8)
282 2943 378 2989 Qua.
398 2943 698 2983 admiratione
737 2946 912 2984 Saevam
958 2947 1221 2991 prosecutus
1259 2946 1318 2983 stt
1342 2946 1452 2983 satis
1477 2947 1699 2983 testantur
1721 2955 1902 2985 carmen
1925 2948 2123 2994 primum
2145 2950 2190 2987 et

65 2991 71 3001 '
161 3002 365 3040 nonnulli
388 3002 467 3042 alli
498 3003 584 3041 loci
612 3003 778 3049 quibus
804 3004 857 3041 de
881 3015 901 3038 «
924 3005 1070 3041 amico
1100 3012 1331 3051 nunquam
1356 3004 1467 3042 satis
1486 3004 1668 3042 laudato
1689 3016 1710 3039 »
1740 3006 1833 3050 egit
1856 3006 1961 3051 (Sol.
1987 3015 2027 3053 p.
2054 3007 2094 3042 51
2125 3012 2168 3043 v·
2175 3009 2187 3050 )

168 3059 354 3108 Chpag.
385 3062 685 3100 sav-etism«.
705 3071 821 3108 am„
844 3064 895 3108 11,
921 3063 976 3100 29

646 3130 824 3167 baisant
840 3128 895 3167 de
920 3132 996 3175 toy
1014 3129 1056 3166 la
1078 3129 1199 3167 Delie
1215 3130 1489 3167 envieusel..

648 3188 783 3225 Sceve
807 3188 846 3225 si
872 3188 983 3225 haut
1006 3195 1086 3225 son
1108 3196 1249 3225 sonna

648 3246 735 3284 Sur
758 3247 876 3284 l'une
893 3248 938 3284 et
954 3246 1108 3284 l’autre
1127 3247 1304 3289 riviere‚

646 3306 946 3352 Qu'aveeques
971 3314 1050 3342 son
1074 3308 1198 3342 mont
1224 3306 1429 3342 Forviere

651 3365 711 3400 La
739 3366 902 3402 France
927 3366 1017 3401 s’en
1042 3367 1231 3401 estonna
1257 3373 1266 3401 :

651 3423 733 3467 Qui
761 3424 954 3468 premier
977 3424 1019 3459 la
1034 3431 1192 3460 course
1218 3424 1276 3460 113
1300 3424 1393 3468 pris

649 3482 732 3518 Par
757 3482 798 3518 13
816 3481 991 3519 louable
1015 3482 1221 3525 cmx-iere,

652 3540 856 3577 Laissant
880 3541 944 3577 les
964 3543 1117 3577 autres
1141 3540 1334 3577 derriere

651 3599 758 3643 (Que
783 3600 846 3637 lui
868 3602 972 3645 peut
991 3609 1045 3636 en
1066 3602 1351 3636 murmurant

654 3658 792 3695 Nuire
816 3659 855 3695 le
882 3659 941 3695 vil
967 3657 1224 3702 ignorantz)

653 3716 853 3753 Premier
874 3719 1072 3762 emporte
1098 3717 1136 3753 le
1161 3716 1267 3761 pris,

651 3775 824 3821 Auquel
849 3777 951 3814 tous
976 3778 1083 3812 vont
1105 3775 1319 3820 aspirant.
1339 3775 1425 3819 lb„
1457 3776 1507 3817 11,
1538 3784 1577 3820 p.
1606 3777 1680 3812 105.
