2508 4212
1223 302 1460 348 -4-

255 444 376 493 tum
403 434 882 512 graecas-litteras
901 434 1173 492 didicisse
1197 457 1222 484 ›»
1248 434 1355 509 (1),
1380 452 1623 510 quorum
1643 434 1838 510 plures
1859 435 1940 491 ita
1959 439 2196 491 notuere
2229 437 2294 492 ut
2358 438 2362 442 “

254 551 366 608 quo
391 538 643 606 tempore
662 535 854 587 noster
870 548 967 587 eos
992 530 1194 587 audire
1214 530 1466 604 potuerit
1491 529 2037 588 mathematicorum
2067 530 2296 588 ratione

253 627 599 686 concludere
624 625 787 683 nobis
834 626 892 682 iu
936 631 1205 702 promptu
1246 626 1320 682 sit
1359 626 1470 700 (2).
1510 626 1727 685 Omitto
1770 627 1925 684 enim
1958 625 2296 704 Gaupylum

254 725 375 800 qui,
399 740 729 799 quanquam
753 721 1006 778 doctoris
1027 721 1274 797 gradum
1296 740 1448 779 anno
1468 721 1682 779 domini
1703 741 1887 780 oiomx
1899 710 2042 779 tvm
2064 723 2294 780 demum

252 819 585 897 capessivit,
603 818 684 875 ita
697 826 890 874 tamen
914 816 1096 875 multo
1114 823 1249 875 ante
1264 817 1322 875 in
1343 818 1559 894 graecis
1577 817 1785 876 litteris
1804 826 2074 876 versatus
2093 824 2220 876 erat
2235 825 2300 876 ut

248 916 375 992 ejus
418 916 611 972 Danes
648 914 1077 989 epigrammata
1110 932 1242 971 cum
1286 915 1579 972 veteribus
1622 913 1850 990 publice
1876 914 2144 975 conferre
2178 933 2294 973 uon

248 1012 560 1068 dubitaret.
600 1011 816 1068 Omitto
846 1022 1071 1086 quoque
1097 1009 1463 1078 Strazellum,
1496 1011 1594 1086 qui
1631 1011 1879 1087 primum
1901 1010 2084 1069 functi
2105 1012 2293 1070 Danis

247 1107 583 1165 cathedram
611 1124 763 1164 anno
790 1106 1009 1164 domini
1035 1123 1422 1164 ciomxxxxw
1449 1108 1781 1184 occupavit,
1804 1107 1903 1165 sed
1922 1107 2051 1184 jam
2077 1109 2292 1184 magis-

247 1212 335 1263 tro
374 1204 568 1281 longis
623 1204 928 1262 itineribus
990 1205 1229 1280 vaganti
1280 1223 1432 1262 anno
1481 1223 1790 1286 clomxxxj
1815 1204 2089 1264 suffectus
2135 1211 2284 1264 erat.

247 1301 495 1360 Etiamsi
530 1319 683 1358 anno
729 1318 958 1358 cio1oxv
1008 1308 1178 1358 natus
1226 1307 1379 1359 esset
1426 1301 1797 1377 BugnoniUS,
1836 1300 1953 1359 illis
1993 1302 2294 1379 magistris

253 1398 338 1456 uti
365 1398 670 1474 potuisset.
732 1401 736 1405 ’
1852 1463 1854 1465 ‚
2133 1393 2135 1395 ’

329 1493 443 1554 Sed
475 1513 605 1552 cum
632 1494 975 1563 Coronaeus,
1006 1498 1177 1552 antea
1204 1493 1493 1551 hebraicae
1525 1492 1747 1570 linguae
1788 1493 1989 1562 lector,
2028 1513 2291 1571 graecam

247 1591 510 1668 linguam
540 1591 789 1668 primum
823 1592 895 1648 ab
930 1609 1082 1648 anno
1102 1608 1492 1648 ciomxxxxm
1525 1591 1732 1649 docere
1757 1592 2020 1667 coeperit,
2051 1597 2110 1670 et
2139 1609 2293 1650 anno

247 1706 658 1746 cloloxxxxvn
691 1671 1027 1758 Turnebus,
1058 1687 1225 1764 cujus
1259 1686 1473 1763 saepius
1497 1687 1762 1745 meminit
1794 1693 1991 1745 noster
2025 1688 2085 1745 in
2111 1688 2292 1765 scrip·

247 1786 346 1856 tis,
376 1784 603 1844 Tolosis
630 1791 934 1844 revocatus
965 1785 1061 1856 sit,
1101 1803 1162 1842 se
1188 1784 1402 1842 vixisse
1443 1784 1692 1850 Lutetiae
1727 1790 1784 1843 et
1809 1783 1998 1843 scolas
2024 1786 2294 1862 frequen-

251 1889 405 1941 tasse
462 1889 592 1960 post
644 1900 863 1940 annum
912 1880 1072 1939 illius
1125 1879 1330 1939 saeculi
1371 1881 1889 1958 quadragesimum
1946 1882 2289 1958 septimum,

250 1979 600 2056 Bugnonius
648 1977 774 2037 loco
821 1979 1000 2055 supra
1045 1977 1226 2036 allato
1282 1983 1479 2054 aperte
1524 1976 1841 2053 significat.
1890 1977 2058 2043 Quod
2104 1979 2175 2048 si,
2228 1985 2293 2037 ut

251 2075 436 2153 ipsius
490 2075 679 2133 verbis
737 2082 888 2144 utar,
941 2072 1409 2132 adolescentulus
1449 2073 1752 2132 etiamtum
1793 2073 1926 2143 fuit,
1975 2075 2133 2133 circa
2174 2093 2291 2133 an-

253 2190 392 2229 num
418 2189 693 2229 ololoxxx
723 2176 923 2228 natum
950 2188 1073 2228 esse
1105 2187 1236 2227 eum
1266 2167 1644 2245 probabiliter
1668 2176 1854 2246 potest
1880 2170 2107 2228 confici.

333 2268 599 2326 Ceterum
650 2267 778 2325 haec
823 2267 1195 2325 ratiocinatio
1246 2272 1442 2324 nostra
1489 2284 1622 2324 cum
1664 2267 1783 2324 vita
1832 2272 1953 2338 tota
1992 2267 2328 2343 Bugnonii3

249 2366 539 2434 convenit,
593 2365 641 2422 si
691 2384 782 2423 res
830 2364 902 2422 ad
952 2371 1277 2441 temporum
1336 2364 1619 2421 rationem
1669 2383 1942 2422 revocare
1984 2362 2286 2423 volumus,

246 2462 582 2521 Excedebat
623 2460 797 2520 fidem
867 2481 937 2520 ac
1000 2480 1165 2537 paene
1211 2459 1526 2519 ridiculum
1586 2460 1892 2519 videbatur
1953 2479 2083 2519 eum
2138 2459 2297 2521 ultra

245 2559 605 2617 tricesimum
648 2542 885 2617 ‘sextum
926 2559 1119 2616 aetatis
1147 2577 1366 2615 annum
1388 2558 1511 2635 juri
1546 2557 1837 2626 studuisse
1866 2576 1934 2615 ac
1959 2557 2290 2617 Johannem

244 2655 542 2732 Angelum
562 2654 1568 2731 PapiumAEmiliumqueFerretum
1601 2653 1896 2712 audivisse
1914 2653 2028 2732 (3),
2053 2654 2287 2722 deinde,

245 2771 428 2811 annos
459 2751 857 2829 quadraginta
890 2752 1018 2829 jam
1054 2757 1278 2822 natum,
1310 2749 1663 2828 juvenilium
1697 2758 1754 2809 et
1788 2769 2052 2808 amorum
2078 2749 2290 2809 librum

246 2850 659 2926 composuisse,
690 2868 795 2907 nec
815 2847 1003 2907 ullum
1029 2854 1248 2906 certum
1279 2849 1416 2905 vitae
1434 2865 1671 2905 cursum
1691 2853 1953 2906 secutum
1986 2865 2134 2917 esse,
2175 2847 2292 2906 imo

248 2946 484 3024 impleto
525 2946 1014 3022 quinquagesimo
1062 2951 1266 3004 octavo
1317 2963 1469 3002 anno
1522 2944 1592 3002 de
1632 2944 1864 3003 florenti
1907 2949 2082 3004 aetate
2130 2943 2291 3021 loqui

301 3115 358 3167 (1)
385 3115 493 3167 Pag.
521 3115 573 3155 28
601 3118 643 3155 et
663 3115 758 3157 328.

298 3199 352 3247 12)
382 3198 445 3237 De
476 3196 532 3237 iis
573 3198 788 3238 omnibus
832 3197 936 3238 vide
967 3196 1144 3248 Goujet,
1198 3196 1339 3237 Μόνη.
1372 3196 1534 3237 histor.
1569 3201 1612 3236 et
1643 3187 1881 3237 litce'raire
1909 3207 1998 3237 sur
2026 3197 2068 3238 le
2113 3195 2294 3246 college

246 3267 400 3315 νομαὶ,
428 3264 572 3312 Paris,
601 3264 715 3312 1758,
746 3264 941 3316 passim.

297 3347 357 3398 (3)
381 3363 399 3384 α
431 3347 623 3387 Auditor
662 3359 743 3396 ego
774 3347 1006 3398 quondam
1047 3346 1243 3387 Joannis
1271 3346 1428 3397 Angeli
1470 3344 1595 3397 Papii
1624 3343 1940 3397 Parthenopei.
1973 3359 1992 3382 »
2025 3344 2164 3394 (Loix
2193 3345 2294 3385 abr.

246 3425 295 3465 p.
329 3413 442 3463 213).
471 3429 488 3447 «
511 3412 601 3452 Fen
624 3413 777 3453 Pieri-e
808 3414 1027 3461 (Joustau,
1059 3425 1145 3465 que
1175 3412 1376 3452 militant
1401 3422 1511 3452 sous
1545 3422 1593 3452 ce
1625 3409 1770 3462 grand
1790 3410 1973 3451 AEmille
2000 3411 2174 3458 Ferret,
2198 3409 2295 3462 J'ay

246 3480 494 3519 autresfois
524 3491 579 3518 eu
612 3491 725 3530 poui-
767 3491 1049 3531 compagnon
1081 3478 1308 3519 d’estude.
1350 3493 1369 3515 »
1407 3480 1543 3529 (Ord.
1591 3479 1644 3517 de
1667 3477 1817 3517 Moul.
1861 3488 1903 3530 p.
1931 3476 2028 3517 205.
2065 3476 2137 3517 Cf.
2173 3476 2297 3517 Loioe

246 3547 407 3595 abroy.
434 3559 475 3597 p.
497 3546 572 3586 457
598 3552 639 3585 ct
670 3548 988 3593 Evocat-mata,
1019 3550 1144 3595 Lvn).

301 3613 479 3653 Scimus
501 3613 734 3653 Feri-etum
755 3614 873 3652 cii-ca
896 3625 1065 3653 annum
1083 3611 1379 3652 millesimum
1396 3611 1813 3663 quingentesimum
1835 3609 2288 3662 quinquagesimum,

245 3680 436 3732 Papium
467 3691 573 3720 vero
612 3681 808 3731 primum
841 3693 962 3721 anuo
1004 3680 1251 3721 millesimo
1291 3679 1662 3732 quingentesimo
1700 3678 2082 3731 quinquagesimo
2126 3680 2290 3730 quarto

237 3746 358 3798 apud
379 3747 577 3786 Cavares
602 3746 832 3787 docuisse.
861 3747 932 3797 (V.
951 3747 1245 3798 'Piraboschi‚
1264 3748 1385 3787 Scor.
1411 3745 1519 3786 dell.
1538 3745 1631 3785 lect.
1653 3744 1751 3785 ital.
1769 3743 1875 3793 VII,
1892 3743 2009 3792 1103,
2031 3743 2120 3795 (ed.
2143 3741 2284 3796 1824).
