2508 4212
1185 315 1448 368 ...90-

367 453 480 511 Hic
519 454 589 511 de
619 454 1032 522 holocaustis,
1078 453 1201 511 illic
1243 454 1313 511 de
1357 455 1878 529 concupiscentia
1925 455 2015 513 vel
2048 461 2224 514 etiam
2257 457 2327 516 de

292 552 614 610 metanoia
671 549 754 626 (id
810 556 894 608 est
941 551 1329 625 poenitentia
1379 570 1493 617 ,seu
1552 553 1810 628 poena),
1871 551 2132 628 loquitur
2200 556 2285 631 (l)
2309 601 2323 613 .

293 646 563 705 Amicam
611 646 822 703 mentis
868 652 1130 717 aeternae,
1164 665 1293 723 quae
1329 648 1614 706 mundum
1644 656 1858 716 movet,
1916 668 2063 725 opus
2112 649 2330 708 salutat

292 743 656 820 miraturque
679 760 690 800 :

524 871 783 935 Ouvrage
806 874 953 923 saint
981 874 1049 923 de
1078 873 1347 923 l’Eternel
1375 874 1590 921 moteur
1612 871 1830 934 (LXIII,
1849 885 1910 935 p.
1941 873 2029 934 54)
2052 869 2152 934 (2),

292 995 394 1046 aut
411 990 703 1067 vituperat
729 992 881 1069 quod
903 1001 948 1049 ἐν
978 997 1204 1067 ἀπαθείᾳ
1231 994 1306 1051 sit
1333 1011 1344 1051 z

761 1119 906 1169 Mais
926 1119 1030 1169 elle
1060 1122 1144 1169 est
1171 1133 1238 1169 en
1265 1117 1449 1182 apetie

755 1203 821 1252 Et
837 1216 906 1252 ne
933 1203 1139 1252 souffre
1165 1201 1395 1266 passion
1422 1204 1506 1264 (p-
1525 1201 1627 1263 50).

370 1319 496 1378 Nec
523 1320 703 1379 semel
736 1322 806 1380 de
823 1323 1172 1399 principiis
1207 1327 1309 1381 aut
1352 1322 1629 1396 essentia
1655 1320 1782 1397 agit
1813 1337 1825 1378 ε

555 1447 685 1497 Seul
700 1448 965 1514 principe
991 1448 1228 1511 originel

623 1531 698 1579 De
726 1544 819 1579 ma
837 1531 1069 1594 passion
1095 1531 1321 1596 (Adieu,
1344 1546 1396 1595 p.
1419 1530 1526 1594 66).

554 1610 610 1662 Si
642 1611 690 1661 le
710 1613 931 1662 vouloir
954 1612 1023 1662 de
1050 1627 1140 1662 ma
1167 1613 1355 1663 divine
1382 1627 1593 1661 essence

624 1694 719 1744 Est
746 1693 1054 1745 immuable
1082 1699 1134 1746 et
1178 1709 1300 1745 mes
1338 1694 1519 1744 forces
1559 1693 1826 1744 veincues
1855 1694 2103 1759 (XXXV,
2133 1707 2187 1757 p.
2218 1673 2348 1754 29).'

370 1827 520 1892 Quid
565 1828 754 1906 plura,
801 1849 932 1887 curn
972 1831 1122 1907 jam,
1168 1849 1269 1888 sen
1315 1848 1553 1900 reS‚seu
1599 1829 1778 1886 verba
1818 1828 1877 1885 in
1925 1828 2016 1886 his
2065 1827 2332 1888 versibus

289 1924 592 2000 respicias,
624 1926 900 1985 Amorem
935 1927 1325 2004 philosophiae
1359 1926 1651 1984 studuisse
1676 1932 1940 2002 apertum
1969 1926 2066 1983 sit.

370 2022 483 2092 Sed
517 2023 567 2081 is
598 2024 753 2082 docti
794 2014 1127 2100 opinionem
1163 2043 1276 2081 non
1311 2024 1526 2081 habeat
1557 2024 1654 2099 qui
1693 2023 1752 2080 in
1793 2022 1918 2080 sola
1960 2022 2332 2098 philosophia

291 2109 574 2190 versetur,
607 2122 716 2178 nisi
750 2121 1179 2199 philosophiam
1208 2140 1339 2179 eam
1369 2140 1493 2180 esse
1549 2119 1877 2197 intelligas,
1917 2139 2069 2196 quae,
2102 2126 2167 2177 ut
2199 2120 2333 2177 ante

288 2215 608 2288 Socratem,
649 2237 850 2277 omnes
884 2219 1116 2276 divinas
1150 2218 1554 2293 humanasque
1581 2223 1736 2275 artes
1771 2218 1827 2274 in
1857 2237 1917 2275 se
1943 2216 2330 2293 comprehen-

287 2312 409 2371 dat.
439 2314 570 2372 Non
598 2334 776 2372 unam
800 2317 1034 2373 Musam
1061 2315 1236 2374 Saeva
1262 2314 1542 2383 coluerat,
1583 2314 1731 2391 quod
1751 2315 1879 2391 jam
1921 2313 1980 2370 in
2007 2313 2332 2392 Del-iaap-

289 2417 474 2486 paret,
507 2411 565 2467 in
602 2412 1020 2471 Mieroeosmo
1054 2431 1189 2470 vero
1218 2412 1361 2470 satis
1390 2428 1679 2487 superque
1713 2410 2088 2468 manifestum
2115 2410 2241 2467 est.

371 2508 511 2564 Item
578 2508 928 2584 Bugnonius
1004 2509 1285 2578 omnium,
1359 2527 1491 2584 quae
1563 2508 1868 2576 didicerat,
1953 2507 2110 2582 juris
2199 2524 2334 2564 vero

292 2604 642 2678 praesertim,
667 2606 756 2662 cui
807 2606 1062 2663 maxime
1104 2605 1472 2673 incubuerat,
1526 2603 1769 2680 majore,
1802 2604 2007 2672 fateor,
2034 2601 2335 2660 voluntate

291 2719 466 2775 quam
491 2700 740 2777 judicio,
773 2702 1033 2760 meminit
1064 2720 1074 2759 :

556 2826 848 2877 L’homme
874 2842 942 2878 ne
973 2831 1122 2891 peut,
1153 2842 1288 2878 sans
1313 2827 1471 2877 avoir
1496 2842 1558 2875 sa
1589 2828 1835 2875 consorte

560 2909 723 2959 Faire
751 2923 930 2960 aucun
956 2910 1103 2960 bien.
1135 2909 1412 2974 (Geneth,
1443 2924 1501 2972 p.
1535 2909 1622 2970 89)

563 2991 703 3042 Sauf
727 2992 990 3043 toutefois
1009 2996 1062 3042 et
1089 2992 1140 3042 le
1167 2990 1320 3040 droit
1348 2994 1401 3041 et
1429 2991 1480 3041 le
1496 2988 1629 3039 titre

557 3073 643 3122 De
670 3073 915 3124 restitut.
943 3079 1018 3137 (p.
1046 3075 1099 3134 8)

377 3192 566 3251 Multa
614 3195 699 3252 sic
737 3214 768 3252 e
816 3195 941 3252 foro
991 3195 1050 3251 in
1109 3196 1465 3252 Parnassum
1528 3203 1731 3253 vocata
1788 3195 1954 3253 video
2001 3191 2330 3252 vocabula:

299 3291 599 3349 indemne
639 3294 721 3368 (p.
761 3291 916 3370 118),
965 3293 1158 3351 indeu
1210 3291 1286 3370 (p.
1344 3292 1506 3366 121),
1557 3311 1874 3368 procurer·
1908 3291 2163 3370 (XXIX,
2199 3290 2239 3348 i.
2278 3310 2330 3348 e.

299 3388 662 3464 procurare),
711 3389 1164 3448 residem‘ment
1212 3389 1579 3461 (LXXXIII,
1642 3390 1770 3464 74),
1817 3397 1878 3448 ut
1920 3396 2114 3449 cetera
2152 3387 2335 3476 omit,-

298 3489 439 3541 tam.
476 3484 563 3560 (3)

348 3651 402 3701 tl)
434 3650 493 3691 V.
521 3664 620 3705 pag.
641 3653 665 3693 4
689 3667 698 3700 ·‚
722 3666 863 3695 carm.
886 3653 1003 3704 CIV,
1024 3665 1069 3706 p.
1097 3654 1149 3695 92
1170 3657 1213 3694 ct
1239 3654 1465 3703 LXXXV,
1488 3668 1529 3708 p.
1556 3654 1621 3696 76.
1840 3675 1842 3678 ⁴

348 3719 405 3766 (2)
428 3719 491 3759 Cf.
528 3721 702 3760 vaam
726 3722 871 3771 (Del.‚
898 3722 1079 3771 CC111):
1119 3722 1339 3762 Puissant
1368 3723 1472 3763 effet
1505 3723 1560 3763 de
1590 3723 1823 3764 l'Ecernel
1848 3722 2069 3770 Movent,·
2095 3723 2138 3763 et
2167 3719 2336 3773 Tyard.

296 3779 426 3829 (Ενν.
459 3799 578 3834 am.‚
606 3789 636 3835 1,
663 3786 726 3836 17)
755 3801 762 3827 :
796 3788 900 3829 Fixe
921 3792 1096 3830 moteur
1127 3788 1182 3829 de
1210 3801 1282 3829 ma
1307 3789 1426 3830 force
1455 3791 1706 3842 premiere„

348 3856 407 3912 (3)
423 3856 525 3902 Jam
553 3858 704 3896 Sama:
733 3867 908 3913 appere
930 3856 1077 3915 (Del.,
1101 3859 1329 3909 ccccx1.1);
1353 3858 1653 3912 expectation
1674 3858 1890 3913 d'acquet
1915 3858 2020 3909 (Ib.,
2062 3855 2342 3907 ccccxnviu)
