2508 4212
132 1328 155 1611 (5

54 1636 61 1648 ·
145 1615 166 1671 Χ

1148 363 1445 414 -140—

284 519 495 559 nomen
540 501 747 570 Saevae,
779 501 878 577 qui
923 519 1038 559 non
1073 498 1385 558 Claudium
1427 499 1906 558 Taillemontium
1955 499 2123 557 modo
2155 496 2328 557 disci-

283 597 484 675 pulum
510 598 738 667 habuit,
775 597 874 655 sed
901 595 1326 674 aliquantisper
1351 590 1656 673 poetarum
1680 597 1867 655 turbae
1901 596 2058 655 viam
2090 596 2325 664 indixit,

285 695 381 753 cui
408 695 736 771 proximam
766 695 1115 754 Ronsardus
1142 714 1310 753 suam
1335 695 1496 754 fecit.
1979 678 1982 681 ’

365 791 503 849 Noli
552 792 730 861 enim,
783 786 895 867 quo
951 790 1122 850 multi
1155 780 1449 860 erravere,
1505 792 1769 868 superbis
1819 793 1995 870 hujus
2045 791 2332 849 Bellaiive

278 887 470 945 verbis
525 887 831 957 confidere,
877 889 976 963 qui
1024 887 1184 946 omni
1212 888 1381 944 modo
1415 888 1526 945 sibi
1560 888 1905 957 orationem,
1946 888 2322 958 sententiam,

276 1002 423 1060 opus
442 983 689 1059 denique
709 984 1000 1059 peculiare
1026 985 1491 1042 vindicaverunt.
1515 985 1673 1043 Num
1698 986 2008 1061 quisquam
2044 981 2331 1042 novarum

278 1098 475 1138 rerum
507 1079 718 1138 fautor
764 1086 851 1138 est
898 1080 999 1157 qui
1048 1080 1222 1139 aliter
1261 1080 1490 1157 egerit?
1540 1081 1697 1140 Num
1753 1081 2144 1148 MalherbiuS,
2193 1099 2333 1141 num

278 1176 484 1234 Victor
529 1175 742 1252 HugOZ
781 1177 996 1235 Omnes
1039 1177 1265 1245 audire,
1305 1185 1595 1253 quatenus
1641 1197 1779 1236 vero
1816 1158 2239 1259 mentiantur
2235 1176 2337 1274 aut

276 1271 590 1367 fallantur,
625 1273 958 1332 discernere
985 1279 1235 1351 oportet.

360 1368 475 1428 Seu
490 1376 686 1428 autem
706 1368 872 1427 illum
892 1369 1061 1447 vulgi
1088 1339 1509 1459 contemptum,
1534 1390 1636 1430 seu
1655 1337 2026 1448 antiquitatis
2051 1388 2332 1440 amorem,

282 1466 342 1523 in
391 1460 640 1524 dicendo
702 1467 1123 1544 sentiendoque
1171 1486 1399 1536 euram,
1471 1456 1530 1525 in
1599 1468 1962 1545 loquendove
2030 1466 2336 1553 audaciam

285 1558 534 1640 speeteS‚
563 1564 911 1622 Ronsardus
938 1565 1226 1641 Saevaque
1263 1557 1453 1642 pares,

365 1662 499 1719 Non
534 1662 684 1737 quod
729 1662 1078 1720 contendam
1124 1663 1255 1721 illos
1310 1664 1597 1722 erravisse
1646 1665 1743 1739 qui
1786 1683 1858 1721 ex
1897 1643 2169 1739 antiquo
2182 1662 2339 1721 fonte

282 1758 499 1816 flumen
531 1758 994 1816 Ronsardieum
1008 1759 1354 1835 profluxisse
1394 1759 1688 1829 dixerunt,
1732 1760 1831 1817 sed
1874 1742 2097 1835 aliquid
2146 1766 2339 1819 tamen

230 1851 241 1859 ”
285 1854 455 1913 oredo
479 1874 613 1912 eum
661 1855 974 1913 retinuisse
1015 1875 1050 1913 a
1075 1856 1271 1925 Saeva,
1303 1856 1510 1932 quod
1497 1876 1622 1932 ipse
1664 1855 2015 1914 Ronsardus
2042 1855 2342 1917 confessus

183 1985 329 2107 ΧῙ1

282 1959 369 2012 est
347 1957 457 2011 tet
472 1951 751 2028 aequaleS,
783 1953 935 2032 inter
962 1972 1106 2029 quos
1132 1954 1454 2018 Quintilius
1488 1953 1726 2018 Censor,
1755 1935 2050 2011 viderunt.
2087 1954 2167 2011 At
2192 1952 2341 2030 quod

396 2051 456 2107 in
503 2051 1014 2127 exprobrationem
1064 2052 1389 2119 vertebant,
1433 2070 1564 2108 eum
1609 2070 1644 2107 a
1701 2050 1876 2108 Saeva
1925 2068 2343 2126 nonnunquam

288 2148 645 2218 discessisse,
678 2153 960 2222 tanquam
1009 2146 1134 2204 sola
1176 2132 1452 2224 superbia,
1511 2148 1763 2216 fecisset,
1818 2147 1873 2204 id
1932 2147 2121 2226 nobis,
2172 2147 2346 2208 rebus

288 2238 614 2321 perpensis,
673 2243 997 2320 prudentiae
1055 2244 1245 2320 potius
1302 2244 1532 2302 videtur
1581 2244 2009 2320 assignandum
2065 2251 2122 2302 et
2177 2242 2342 2300 laudi

291 2341 570 2399 dandum
603 2340 767 2397 Vidit
799 2339 1083 2398 nonnulla
1109 2341 1318 2417 quibus
1346 2342 1688 2417 peceaverat
1710 2341 1933 2403 amicus
1960 2340 2168 2426 Deliae,
2190 2337 2346 2395 vidit

294 2438 558 2504 meliora,
597 2442 945 2513 secutusque
977 2443 1084 2495 est.
1131 2437 1271 2495 Noli
1298 2438 1454 2501 enim
1498 2437 1761 2495 oblivisci
1800 2419 1953 2513 quod
1996 2456 2100 2520 nos
2131 2436 2218 2494 de
2226 2433 2346 2497 illis

297 2536 508 2612 graecis
545 2534 860 2610 latinisque
913 2534 1104 2591 verbis
1162 2535 1508 2593 catervatim
1552 2535 1833 2603 induetiS,
1876 2534 1994 2594 de
1980 2534 2164 2610 ipsius
2210 2551 2347 2610 syn-

299 2630 476 2703 taxis,
505 2651 636 2707 quae
682 2631 966 2708 cujusque
1002 2631 1254 2689 maxime
1303 2631 1526 2708 linguae
1573 2631 1810 2707 propria
1859 2637 1968 2698 est,
2018 2629 2354 2697 eversione,

303 2730 580 2787 diximus.
607 2727 750 2786 Cum
775 2728 833 2785 id
859 2728 1205 2786 Ronsardus.
1231 2720 1421 2795 Saevae
1440 2747 1556 2786 non
1581 2746 1850 2785 assensus
1876 2726 1973 2794 sit,
1993 2726 2092 2784 sed
2117 2710 2355 2784 cautius

304 2824 684 2901 timidiusque
708 2824 778 2882 de
818 2823 1026 2900 lingua
1073 2826 1282 2901 egerit,
1314 2825 1549 2882 omnino
1575 2825 1881 2882 diluuntur
1906 2823 2039 2881 haee
2076 2822 2343 2890 crimina,

304 2922 515 3000 quibus
578 2921 803 2980 tamdiu
865 2922 1178 2979 damnatus
1240 2922 1529 2980 memoria
1571 2940 1739 2998 paene
1802 2926 2152 2985 excesserat,
2212 2937 2348 2977 nam

305 3020 588 3097 majorem
635 3018 826 3095 culpae
871 3027 1095 3096 partem
1131 3021 1431 3095 magistris
1473 3020 1532 3076 in
1572 3039 1632 3077 se
1679 3017 2112 3095 recipientibuS,
2166 3004 2356 3102 manif

302 3111 515 3175 festum
564 3115 630 3173 fit
670 3115 832 3173 illum
869 3134 1066 3174 rerum
1107 3134 1392 3174 novarum
1430 3115 1719 3174 fautorem
1768 3114 2144 3172 temerarium
2185 3114 2350 3189 (pace

301 3213 488 3273 Bolaei
552 3214 768 3287 dicam)
837 3213 1029 3290 potius
1098 3213 1174 3271 ad
1223 3213 1569 3290 sapientiam
1642 3229 1974 3289 regressum
2039 3229 2215 3288 quam
2274 3208 2349 3267 ad

305 3312 594 3370 insaniam
622 3329 995 3390 progressum
1023 3330 1173 3368 esse.

1203 3613 1445 3624 v-——m——u-
