2508 4212
1152 315 1520 366 —136——'

370 457 481 516 Sed
500 455 626 512 haec
644 457 779 511 sunt
804 469 933 527 quae
961 450 1153 508 rarius
1171 449 1566 521 inveniantur,
1589 457 1647 510 et
1664 452 1722 510 in
1742 453 1990 529 speciem
2009 451 2325 511 soloecismi

289 554 537 613 cadant:

618 704 744 752 Aux
769 698 970 750 blondz
995 699 1240 749 cheveus
1266 700 1504 763 Apollon
1531 701 1666 764 (XC,
1697 717 1748 765 p.
1777 700 1882 766 81).
1938 718 1948 776 J
1986 688 1988 690 ’

617 784 759 846 Croy
783 782 850 830 de
872 782 1055 830 'Feurs
1081 780 1507 832 Mademoiselle
1533 782 1727 847 (xlm,
1757 798 1812 847 p.
1845 785 1948 847 17).

630 864 862 927 Maugre
882 863 931 912 le
960 866 1076 912 sort
1101 861 1169 911 de
1205 861 1424 913 fortune
1459 863 1736 915 l’adverse
1770 866 1953 927 (LVII,
1982 880 2036 929 p.
2066 866 2176 930 47).
2211 865 2310 931 (1).

368 1013 520 1071 Nam
538 1014 898 1068 constantem
919 1006 1144 1082 linguae
1167 1026 1357 1075 usum,
1388 1007 1638 1065 inversis
1657 1027 1771 1066 non
1794 1007 1994 1067 'solum
2014 1009 2318 1085 appositis,

287 1111 385 1168 sed
415 1102 536 1186 ipso
564 1105 836 1172 articu10,
874 1105 1110 1161 omnino
1143 1123 1414 1161 eversum
1448 1104 1632 1164 vides,

372 1206 535 1271 Quod
570 1221 778 1281 parum
811 1221 935 1260 esse
973 1201 1285 1277 judicavit.
1339 1202 1473 1259 Non
1523 1202 1581 1258 in
1623 1222 1739 1260 uno
1766 1209 1993 1262 tantum
2027 1203 2329 1261 sententiae

291 1303 566 1369 membro,
597 1301 697 1359 sed
729 1300 790 1356 in
831 1305 952 1356 tota
986 1298 1526 1374 circumscriptione
1559 1298 1751 1356 multa*
1776 1305 1833 1358 et
1876 1301 2103 1358 insueta
2151 1318 2329 1357 ausus

287 1408 396 1461 est.
458 1397 811 1476 Compositio
870 1396 1004 1454 inde
1075 1395 1387 1471 praefracta
1456 1403 1543 1453 est
1616 1390 1790 1472 atque
1843 1416 2052 1473 aspera
2100 1418 2114 1472 ;
2198 1415 2326 1454 eam

287 1496 577 1556 disturbat
602 1496 672 1552 de
706 1492 1018 1562 industria,
1063 1500 1140 1561 et,
1179 1498 1242 1549 ut
1269 1491 1518 1561 videtur,
1559 1493 1742 1550 animi
1768 1495 2002 1570 gratia3
2049 1512 2162 1558 non
2203 1493 2330 1550 vult
2397 1535 2400 1538 Α
2490 1496 2494 1518 2

289 1596 412 1653 siue
439 1593 668 1652 salebra
691 1591 1192 1667 essejuncturam,
1214 1591 1515 1666 egregiam
1547 1601 1751 1667 nempe
1779 1597 1988 1666 putans
2007 1597 2064 1649 et
2090 1590 2321 1660 fortem,

288 1711 417 1769 quae
436 1709 550 1748 non
576 1709 648 1747 ex
687 1699 843 1745 more
877 1687 972 1755 sit,
1013 1686 1109 1743 sed
1139 1705 1341 1744 aurem
1377 1687 1633 1744 novitate
1667 1697 1722 1744 et
1754 1687 2158 1763 inaequalitate
2185 1706 2325 1764 per-

288 1791 492 1848 cutiat.
1359 1845 1361 1847 ,
1494 1787 1496 1790 ’
2312 1847 2317 1850 ,

368 1884 665 1951 Relativa‚
697 1882 906 1959 quibus
948 1885 1160 1939 natura
1195 1881 1321 1956 ipsa
1346 1881 1601 1957 incipere
1636 1882 1893 1940 membra
1926 1881 2134 1952 voluit,
2174 1881 2330 1958 apud

290 1988 549 2042 nostrum
585 1980 741 2038 haud
770 1998 903 2037 raro
937 1978 1279 2048 secundum,
1314 1977 1430 2034 imo
1466 1979 1698 2036 tertium
1734 1978 1927 2055 locum
1953 1979 2238 2037 obtinent.

822 2144 1098 2195 tesmoins
1122 2143 1222 2193 des
1250 2156 1420 2205 grans
1443 2143 1677 2193 'doleurs

623 2228 1001 2281 Cruellement
1027 2241 1128 2292 que
1166 2240 1257 2275 ma
1278 2225 1366 2275 vie
1396 2230 1664 2289 supporte
1690 2226 1808 2292 (IX,
1838 2241 1891 2290 p.
1921 2227 2023 2291 14).
2335 2282 2338 2286 ,

623 2314 798 2362 Notre
847 2310 1048 2359 Macon
1077 2308 1317 2374 laquelle
1359 2308 1609 2371 emperle
1651 2311 1705 2358 et
1733 2308 1868 2359 dore
1893 2309 2107 2374 (LVIII,
2135 2323 2190 2373 p.
2219 2309 2325 2373 47).

622 2393 795 2444 Aussi
823 2394 950 2441 sont
974 2389 1047 2440 ils
1073 2389 1290 2439 l'entier
1317 2391 1734 2439 contentement

623 2477 699 2526 De
723 2488 829 2524 nos
855 2472 1070 2532 soleiIS‚
1101 2476 1225 2535 trop
1252 2471 1704 2534 prodigalement

623 2555 734 2614 Qui
758 2556 911 2607 leurs
929 2568 1136 2619 rayons
1163 2553 1363 2603 nessus
1390 2567 1497 2603 eux
1523 2544 1919 2605 abandonnent
1937 2554 2025 2621 (V,
2056 2569 2093 2619 p
2141 2555 2243 2620 12).

370 2726 509 2786 Pari
541 2723 780 2783 licentia
805 2720 1247 2798 conjunctiones
1273 2717 1570 2796 pelluntur
1594 2738 1613 2777 ⁷:

620 2857 731 2907 l’on
755 2852 1012 2920 pourroit
1038 2865 1269 2902 assurer
1297 2851 1640 2902 bonnement

486 2942 631 2991 Pour
655 2936 924 3000 regarder
950 2950 1051 3001 que
1078 2934 1160 2984 les
1185 2934 1356 2984 Dieus
1379 2947 1521 2983 nous
1549 2933 1630 2984 les
1659 2933 1922 2984 donnent.
1955 2935 2039 2996 (V,
2067 2950 2119 3000 p.
2153 2937 2264 3002 12.)

487 3022 542 3073 Si
568 3019 674 3071 elle
698 3019 840 3068 n’est
867 3031 937 3067 en
964 3015 1087 3065 l'art
1114 3015 1182 3065 de
1210 3015 1556 3079 Rhetorique

487 3102 673 3154 Moins
691 3100 872 3159 docte,
898 3112 967 3148 en
985 3100 1103 3147 tout
1122 3097 1368 3162 qec'autre
1388 3096 1498 3147 bon
1518 3100 1604 3146 art
1621 3098 1875 3162 pratique
1898 3099 2127 3161 (XCIIII,
2149 3113 2200 3163 p.
2222 3100 2325 3164 85).

488 3188 604 3248 Que
627 3183 679 3249 je
705 3181 971 3233 voulusse
998 3193 1065 3228 en
1095 3178 1194 3228 fait
1221 3194 1322 3245 que
1351 3178 1534 3228 moins
1561 3193 1628 3229 en
1657 3179 1736 3229 dit
1763 3182 1984 3243 (XXXI,
2007 3195 2058 3244 p.
2087 3181 2190 3244 27).

341 3403 400 3457 (1)
428 3401 501 3444 Sic
528 3401 665 3443 etiam
697 3397 817 3438 dixit
843 3408 852 3437 :
877 3407 969 3446 par
988 3405 1163 3446 moyen
1192 3395 1496 3444 votre=par
1514 3395 1645 3435 voere
1673 3406 1865 3446 moyen.

341 3472 554 3513 Ceterum
583 3468 700 3507 miro
729 3474 926 3515 raroque
970 3460 1104 3503 modo
1145 3458 1406 3513 possessiva
1446 3459 1727 3512 Bugnonius,
1770 3462 1891 3503 haud
1930 3473 2063 3504 secus
2097 3476 2148 3506 ac
2183 3464 2327 3516 Saeva,

290 3537 553 3592 possessiva
577 3530 851 3586 pronomina
876 3527 1070 3569 exstruit
1091 3539 1098 3566 :

885 3625 1195 3667 Aucunement
1215 3622 1348 3673 hayr‚
1374 3634 1432 3675 ny
1459 3623 1703 3676 dedagner,

887 3694 952 3734 La
969 3691 1157 3732 cruaute
1179 3689 1418 3730 manifeste
1444 3692 1485 3729 et
1510 3694 1662 3742 aperte

885 3761 1064 3801 Sienne
1089 3767 1252 3798 envers
1275 3768 1392 3808 moy,
1422 3768 1475 3797 ne
1493 3769 1563 3798 me
1586 3757 1729 3799 feront
1759 3757 1825 3799 les
1849 3758 1999 3800 dieus.
2032 3758 2143 3812 (LV,
2172 3773 2217 3815 p.
2243 3761 2328 3815 45),
