2508 4212
973 818 1400 878 CONCLUSIO

251 1148 388 1207 Jam
437 1168 572 1208 vero
620 1150 797 1226 hujus
837 1151 1049 1227 operis,
1096 1149 1281 1208 multo
1322 1149 1559 1226 longius
1610 1149 1860 1226 porreeti
1885 1166 2061 1224 quam
2097 1165 2203 1207 nos

172 1245 504 1322 putavimus
530 1255 586 1304 et
610 1246 713 1304 tibi
746 1246 891 1304 forte
918 1245 1158 1322 placuit,
1196 1240 1370 1305 finem
1407 1246 1712 1304 faciamus,

171 1368 174 1371 Δ
252 1342 338 1400 De
367 1341 680 1417 Bugnonio
705 1342 830 1418 ipso
871 1343 1011 1399 satis
1051 1331 1410 1400 dictumest.
1465 1340 1652 1400 Valde
1692 1340 1847 1399 enim
1888 1340 2087 1398 dubito
2129 1359 2203 1396 an

170 1432 468 1517 nunquam
503 1437 654 1495 inter
680 1439 1066 1495 Matissanam
1099 1438 1397 1496 civitatem
1424 1443 1480 1494 et
1513 1437 1866 1513 Lugdunum
1909 1444 2202 1494 certamen

169 1534 456 1591 oriturum
483 1534 581 1603 sit,
619 1534 768 1591 idem
805 1534 954 1610 quod
984 1521 1125 1590 'olim
1152 1533 1222 1591 de
1263 1533 1537 1603 Homer0‚
1576 1533 1761 1591 utrius
1816 1532 1961 1591 civis
2011 1533 2208 1614 potiusv

166 1630 468 1688 habendus
495 1630 590 1687 sit.
622 1629 786 1698 Viro,
819 1622 1096 1707 quantum
1131 1629 1280 1687 scire
1317 1628 1473 1698 licet,
1503 1629 1653 1686 bono
1693 1637 1749 1686 et
1782 1629 1924 1686 satis
1967 1627 2195 1685 erudito

169 1724 619 1784 neclitterarum
654 1744 838 1794 amor,
870 1743 974 1783 nec
1000 1725 1058 1782 in
1086 1724 1283 1782 labore
1304 1724 1624 1800 pertinacia
1642 1724 1847 1790 defuit,
1871 1723 1990 1799 qui,
2024 1723 2197 1782 rebus

169 1821 414 1900 privatis
443 1822 559 1879 fere
583 1821 844 1888 obrutuS,
880 1821 975 1878 vix
1014 1840 1234 1878 annum
1274 1821 1718 1896 praetermiserit
1760 1820 1898 1895 quin
1946 1818 2198 1897 aliquem

171 1917 509 1996 vigiliarum
533 1917 786 1976 fructum
821 1917 879 1974 in
913 1916 1103 1975 lucem
1143 1917 1358 1975 ederet.
1383 1916 1586 1974 Defuit
1627 1934 1784 1984 ver0,
1838 1935 1939 1973 seu
1983 1916 2200 1992 scripta

168 2013 412 2093 dejure,
444 2033 542 2072 seu
572 2013 690 2071 alia
715 2013 1265 2091 specteS,judicium
1292 2012 1729 2088 ingeniumque.
1761 2012 1962 2087 Neque
1997 2012 2232 2071 imme-x

171 2111 279 2169 rito
312 2109 438 2184 ejus
469 2107 714 2168 Amores
746 2108 1172 2178 obsoleverunt,
1208 2107 1307 2185 qui
1332 2108 1389 2164 in
1418 2107 1588 2165 rebus
1624 2106 1933 2165 levissimis
1967 2106 2191 2183 graviS‚

169 2205 227 2264 in
259 2205 538 2284 jucundis
585 2205 878 2274 horriduS,
923 2205 983 2262 in
1031 2203 1478 2280 simplicissimis
1519 2203 1755 2280 putidus
1805 2203 2199 2278 obscurusque

170 2301 365 2361 fuerit.

249 2397 523 2456 Attamen
550 2398 599 2455 si
624 2396 956 2454 memineris
984 2414 1073 2454 res
1100 2395 1387 2453 humanas
1413 2395 1495 2452 ita
1521 2396 1672 2453 inter
1695 2413 1756 2452 se
1781 2394 2102 2461 cohaerere,
2135 2401 2197 2453 ut

167 2492 315 2552 nihil
346 2512 418 2552 ex
455 2492 638 2550 nihilo
668 2493 789 2559 fiat,
831 2499 888 2549 et
926 2491 1150 2549 litteras
1182 2491 1339 2567 ipsas
1383 2509 1496 2548 non
1532 2509 1648 2549 uno
1695 2489 1849 2549 saltu
1894 2490 2190 2566 progredi,

165 2590 265 2648 sed
290 2596 347 2647 et
379 2587 496 2647 illis
515 2588 894 2664 scriptoribus
930 2605 1075 2664 opus
1109 2606 1257 2655 esse,
1305 2586 1588 2645 secundas
1631 2585 1722 2644 vel
1760 2586 1962 2644 tertias
2002 2592 2194 2662 partes

161 2687 497 2764 *agentibus
525 2704 795 2762 quorum,
835 2691 896 2742 ut
920 2685 1004 2743 ita
1027 2684 1238 2752 dicam,
1269 2703 1340 2742 ex
1376 2683 1612 2760 pulvere
1646 2683 1895 2760 majores
1930 2683 2194 2742 oriantur

165 2790 223 2841 et
253 2783 415 2852 fiant,
449 2802 559 2840 non
578 2782 811 2840 omnino
844 2781 1043 2839 irritus
1071 2780 1177 2839 ibit
1203 2781 1298 2839 hic
1323 2779 1507 2839 labor.

250 2881 511 2938 Primum
572 2880 715 2937 forte
762 2878 894 2948 erit,
954 2877 1075 2953 qui,
1137 2896 1227 2935 me
1281 2876 1581 2945 suadente,
1634 2878 1896 2935 animum
1953 2877 2192 2935 inducat

167 2977 426 3052 origines
444 2975 620 3052 hujus
639 2981 811 3032 sectae
836 2973 1146 3050 diligenter
1173 2993 1240 3031 ac
1267 2973 1495 3050 penitus
1527 2973 1981 3051 dispicere,quae
2010 2991 2192 3050 nuper

168 3091 271 3131 nos
300 3083 533 3149 stupere
560 3071 751 3146 magis
779 3089 951 3146 quam
983 3070 1183 3127 mirari
1220 3070 1423 3128 voluit.

247 3167 467 3227 Deinde
514 3167 584 3224 de
634 3165 890 3224 Pleiadis
932 3165 1257 3241 originibus
1300 3185 1413 3223 non
1456 3167 1651 3224 omnia
1690 3167 1846 3224 dicta
1878 3174 2033 3235 sunt,
2073 3167 2186 3224 imo

167 3263 349 3321 multa
377 3268 596 3319 restant
621 3262 801 3337 digna
827 3281 958 3336 quae
985 3262 1281 3333 dicantur3
1322 3280 1455 3319 nam
1482 3261 1671 3338 qualis
1697 3262 1874 3319 fuerit
1918 3261 1968 3319 is
1995 3269 2184 3321 motus

163 3360 279 3435 jam
307 3359 448 3417 satis
491 3363 739 3424 constat,
776 3357 927 3414 unde
967 3363 1127 3414 ortus
1162 3358 1257 3425 sit,
1292 3377 1418 3414 mea
1457 3358 1686 3433 quidem
1723 3359 2030 3426 sententia,
2058 3358 2185 3415 obs-

161 3474 365 3515 curum
385 3462 492 3524 est,
517 3473 618 3512 nec
644 3453 882 3510 minime
900 3453 1014 3521 his,
1040 3471 1412 3528 quaecumque
1429 3454 1497 3510 de
1524 3453 1695 3511 Saeva
1713 3454 1996 3511 disserere
2013 3454 2178 3523 veliS,

160 3551 502 3611 illustretur.

242 3647 372 3724 Ego
399 3665 535 3705 vero
563 3646 703 3703 satis
733 3644 951 3702 habebo
980 3645 1050 3712 si,
1088 3645 1320 3703 inducto
1352 3644 1453 3702 illo
1494 3645 1903 3703 obscurissimo
1946 3645 2184 3721 Bugno-

158 3744 281 3815 ni0,
318 3760 597 3802 monuero
635 3740 812 3800 latius
845 3741 1114 3819 opinione
1156 3742 1547 3800 increbruisse
1586 3749 1642 3799 et
1679 3740 1915 3817 longius
1965 3741 2180 3799 vixisse

2239 2094 2257 2280 l

2271 2979 2314 3011 11

2266 3012 2312 3053 ,Ἰ

2262 3073 2265 3085 s
2296 3045 2306 3087 ι’

2321 2648 2350 2705 xx

2253 2649 2359 2891 >1

2316 2778 2357 2889 s
