2508 4212
1084 345 1314 392 ..7.-

268 480 398 540 Non
426 477 631 555 negari
662 481 869 554 potest,
899 474 1014 534 nisi
1038 480 1110 534 ‘et
1149 480 1416 533 nostrum
1456 479 1513 532 et
1545 471 1919 548 bibliopolam
1963 471 2214 530 menda—

190 577 268 636 cii
292 574 583 654 postulare
606 572 776 640 veliS‚
806 591 878 630 ex
903 571 1032 647 ipso
1057 570 1251 628 codice
1282 571 1437 628 hanc
1460 569 1782 628 orationem
1813 568 2031 627 editam
2062 587 2209 638 esse,

189 671 342 750 quod
358 669 704 747 Bugnonius
719 668 778 725 in
797 667 1268 726 adnotationibus
1285 666 1357 724 ad
1375 651 1628 724 edictum
1652 664 1978 723 Molinense
1995 664 2211 742 apertis

189 767 380 826 verbis
405 769 717 832 asseverat,
743 762 938 821 allatis
971 762 1193 838 aliquot
1222 761 1435 820 Bellaii
1467 761 1727 819 versibus
1752 761 1858 836 (1).

271 863 573 938 Nusquam
611 865 807 932 ⁴tamen
855 877 916 917 se
955 857 1176 934 aliquid
1212 858 1454 916 rationis
1502 875 1637 915 cum
1677 855 1902 914 Bellaio
1944 856 2217 914 habuisse

193 957 472 1027 declarat,
534 974 638 1015 nec
697 955 957 1014 codicem
1013 953 1125 1012 sibi
1191 953 1391 1011 datum
1447 971 1573 1011 esse
1626 958 1906 1028 tanquam
1964 953 2221 1010 curatori

192 1058 538 1115 testamento
570 1053 768 1128 fingit,
803 1050 902 1110 sed
936 1055 1140 1109 contra
1170 1050 1242 1107 ab
1284 1049 1471 1107 amico
1512 1048 1762 1125 quodam
1808 1053 1864 1106 et
1897 1046 2221 1106 studiorum

193 1150 348 1210 socio
419 1149 725 1220 traditum,
793 1147 891 1224 qui
961 1164 1093 1204 cum
1159 1150 1401 1221 utroque
1466 1144 1814 1220 conjunctus
1890 1150 2042 1202 esset
2105 1143 2217 1219 (2).

192 1246 572 1307 Commissam
604 1245 789 1322 igitur
821 1243 973 1301 hanc
997 1242 1321 1299 orationem
1352 1240 1664 1316 Bugnonio
1690 1240 1831 1298 satis
1864 1258 1965 1316 per
1991 1259 2051 1298 se
2075 1240 2223 1297 veri-

192 1341 380 1401 simile
434 1347 543 1411 est,
595 1346 660 1399 ut
713 1340 813 1417 qui
860 1340 983 1417 ipse
1031 1356 1231 1396 versus
1267 1342 1660 1414 componeret,
1707 1336 2033 1412 saepiusque
2089 1354 2222 1393 cum

192 1438 523 1516 bibliopolis
570 1435 1060 1513 Lugdunensibus
1099 1439 1366 1493 versatus
1398 1451 1434 1490 a
1465 1451 1526 1491 se
1561 1437 1950 1509 expurgatum
1992 1431 2224 1488 absolu-

195 1542 430 1612 tumque
462 1533 721 1593 libellum
746 1552 776 1592 e
799 1532 1067 1590 manibus
1095 1532 1153 1588 in
1187 1549 1394 1588 manus
1422 1530 1493 1588 iis
1528 1529 1665 1587 dare
1690 1528 2089 1604 edendumque
2122 1546 2221 1585 cu-

194 1650 325 1690 rare
343 1636 554 1708 posset.
598 1629 765 1688 Nihil
797 1647 940 1705 ergo
977 1629 1035 1685 in
1069 1628 1181 1687 hac
1220 1646 1281 1686 re
1314 1632 1659 1703 argumento
1690 1631 1779 1684 est
1821 1631 1883 1682 ut
1914 1623 2220 1682 credamus

190 1727 344 1786 inter
397 1726 652 1785 Pleiadis
716 1724 941 1783 sodales
1001 1730 1058 1783 et
1120 1732 1380 1782 nostrum
1431 1721 1915 1781 necessitudinem
1963 1718 2218 1795 aliquam

188 1822 390 1882 fuisse.
409 1824 559 1881 Nam
585 1821 733 1898 quod
752 1820 1121 1880 Ronsardum
1140 1813 1543 1895 Bellaiu‘mque
1557 1818 1782 1875 divinos
1807 1815 2042 1883 salutat,
2066 1815 2218 1891 quod

194 1908 346 1977 infra
385 1918 728 1987 videbimuS,
771 1916 1034 1994 exemplo
1081 1915 1200 1974 fere
1240 1915 1498 1973 omnium
1550 1914 1706 1972 fecit.
1752 1911 1931 1970 Aliud
1986 1911 2218 1987 quidem

192 2015 488 2084 sentirem,
526 2015 575 2072 si
609 2031 814 2071 nomen
841 2013 968 2090 ejus
987 2012 1077 2071 vel
1112 2011 1289 2070 semel
1315 2012 1371 2069 in
1405 2010 1676 2087 operibus
1698 2008 1928 2067 illorum
1954 2026 2218 2065 occurre-

191 2117 316 2187 ret3
368 2111 489 2179 sed,
541 2129 642 2169 seu
687 2128 820 2168 eum
867 2109 1309 2167 contemnebant
1358 2126 1460 2165 seu
1508 2106 1882 2183 ignorabant,
1920 2103 2215 2180 Bugnonii

191 2208 578 2274 immemoreS‚
622 2205 773 2282 quod
805 2210 1009 2273 sciam,
1055 2205 1232 2262 fuisse
1270 2204 1558 2262 videntur.
1593 2200 1889 2267 Quomodo
1929 2200 2000 2258 de
2031 2200 2216 2257 amico

194 2302 286 2362 vel
319 2302 567 2362 obscuro
591 2301 827 2359 omnino
852 2299 1206 2359 tacuissent?

275 2657 445 2716 Circa
477 2674 695 2715 annum
735 2672 1114 2714 cmmxxxmx
1153 2652 1531 2729 Bugnonium
1564 2650 2016 2709 Universitatem
2052 2650 2218 2707 Pari-

195 2753 443 2812 siensem
467 2751 770 2828 reliquisse
788 2751 1050 2827 suspicor
1077 2751 1183 2826 (3),
1211 2756 1272 2807 ut
1295 2748 1420 2825 juri
1437 2747 1712 2806 studeret.
1732 2747 1863 2805 Non
1883 2746 2035 2823 quod
2061 2753 2217 2804 certo

193 2849 371 2909 sciam
386 2866 500 2925 qua
520 2849 579 2905 in
606 2847 767 2913 urbe,
798 2865 909 2922 quo
942 2864 1095 2903 anno
1122 2845 1195 2902 ad
1220 2862 1473 2903 summos
1491 2843 1740 2901 doctoris
1766 2843 1986 2919 gradus
2018 2860 2216 2919 perve-

245 3051 303 3103 (1)
324 3050 430 3103 Pag.
454 3051 507 3092 32
535 3055 579 3092 et
614 3050 706 3092 208.
727 3050 796 3091 Cf·
835 3049 1100 3100 Bibliopolas
1136 3049 1192 3088 ad
1230 3048 1442 3089 lectorem
1474 3047 1783 3100 praefationem
1807 3047 1852 3087 in
1876 3047 2081 3088 oratione
2102 3047 2216 3100 ipsa.

243 3140 302 3191 (2)
331 3140 497 3192 Lequel
522 3139 731 3180 discours
762 3138 846 3179 m'a
869 3137 1191 3189 communiqu6
1215 3149 1276 3177 un
1300 3138 1418 3177 mien
1444 3148 1548 3189 amy
1583 3141 1627 3178 et
1658 3148 1940 3188 compagnon
1971 3136 2216 3185 d'estudes,

194 3218 308 3259 pour
334 3207 376 3248 le
416 3207 566 3248 revoir
593 3210 636 3247 et
664 3206 775 3247 faire
805 3208 963 3246 mettre
990 3217 1044 3245 en
1087 3204 1292 3251 lumiere‚
1319 3215 1378 3245 ou
1401 3204 1594 3256 J'espere
1619 3204 1729 3256 qu’il
1763 3214 1867 3244 sera
1897 3202 2013 3243 dans
2042 3215 2127 3255 peu
2164 3203 2218 3244 de

195 3275 527 3327 temps.·(Com.
555 3285 643 3313 sur
666 3273 822 3313 Μοιιί.
847 3272 959 3323 208).

246 3362 302 3413 (3)
327 3362 507 3403 Etenim
534 3362 615 3401 lib.
644 3362 674 3410 1,
694 3373 792 3413 cap.
823 3373 1030 3401 ccxxxm
1063 3360 1176 3409 Leq.
1202 3361 1364 3410 abroq.
1395 3361 1586 3399 testatur
1609 3359 1873 3411 Bugnonius
1891 3371 1938 3400 se
1966 3360 2219 3411 AEmylium

191 3428 429 3470 Ferretum
452 3442 474 3465 α
502 3427 731 3468 doctorem
757 3427 878 3480 apud
903 3426 1103 3467 Cavares
1140 3436 1228 3475 per
1253 3426 1519 3465 triennium
1551 3436 1656 3465 cum
1687 3426 1866 3473 Mauro,
1909 3427 2218 3477 Antesignano

195 3497 239 3535 et
270 3494 471 3536 Costalio
510 3494 749 3534 habuisse.
782 3507 802 3531 n
833 3492 920 3540 Qui
962 3505 1063 3533 cum
1103 3492 1194 3531 fato
1221 3492 1405 3531 functus
1439 3492 1496 3531 sit
1523 3491 1583 3531 id.
1607 3491 1696 3541 jul.
1723 3492 1830 3531 anni
1861 3503 2058 3540 omium,
2077 3492 2220 3543 liquet

193 3572 295 3602 eum
320 3560 534 3610 Cavares,
554 3562 604 3601 ut
627 3560 782 3601 eodem
804 3560 944 3600 verbo
966 3563 1082 3609 utar,
1100 3559 1194 3609 jam
1213 3570 1332 3598 anno
1356 3569 1657 3599 etmoxxxxix
1678 3557 1879 3610 petiisse.
1907 3558 2140 3610 Quidquid
2174 3558 2219 3598 id

192 3630 277 3675 est,
302 3626 505 3667 adfuisse
523 3626 826 3677 Bugnonium,
850 3637 951 3666 cum
971 3626 1137 3666 thesim
1155 3636 1286 3664 suam
1306 3625 1403 3676 ipse
1418 3635 1541 3664 anno
1561 3635 1706 3664 010101.
1724 3626 2008 3676 proponeret,
2029 3627 2218 3663 testatus

195 3697 266 3734 est
306 3693 367 3734 M.
412 3694 682 3735 Vertravius
719 3692 910 3734 Maurus
949 3693 995 3733 in
1037 3692 1230 3744 epistola
1270 3703 1407 3746 quam
1447 3691 1491 3734 in
1540 3692 1780 3734 Thesauro
1822 3692 1959 3734 Juris
1999 3691 2221 3735 Everardi

197 3759 377 3803 Ottonis
398 3760 470 3801 111
499 3760 595 3804 loco
620 3760 740 3802 intra
760 3759 896 3802 allato
921 3759 1060 3810 legas
