2508 4212
1066 328 1328 378 -43-

189 465 546 539 peccassent,
574 458 844 536 gessisse.
874 458 949 516 Et
978 458 1381 534 Bugnonium,
1420 458 1470 517 si
1497 476 1619 516 rem
1643 476 1716 516 ex
1749 475 1818 516 ea
1841 460 2006 533 parte
2030 454 2213 514 consi-

189 558 395 616 derare
412 554 579 625 velis,
602 556 716 613 non
750 554 907 611 omni
933 553 1103 630 culpa
1122 573 1359 613 vacasse
1393 555 1534 612 satis
1557 552 1925 630 intelligitur.

218 678 221 682 ¹
267 651 538 710 Primum
585 647 1044 708 historiunculas
1082 655 1139 707 et
1180 650 1467 708 miracula
1513 674 1539 703 «
1572 669 1700 726 quae
1740 650 1869 726 plus
1902 667 2070 725 aequo
2102 648 2211 708 sibi

185 747 352 806 varia
426 751 839 824 persuaserant
899 745 1193 815 monachi,
1260 752 1316 805 et
1390 746 1768 805 commentari
1835 764 1903 804 ac
1973 765 2211 823 prorsus

187 843 453 901 divinare
477 841 770 900 audebant
801 847 864 899 ut
904 840 1176 918 populum
1212 842 1270 899 in
1313 842 1595 918 religione
1638 841 1998 900 continerent
2028 865 2053 894 υ
2096 843 2205 917 (1),

187 938 465 999 audacter
490 956 631 996 vera
649 956 775 996 esse
787 944 964 1013 negat
980 943 1036 995 et
1053 938 1227 996 Petro
1244 938 1581 996 Venerabili
1602 938 1906 996 infitiatur.
1922 938 2060 996 Inde
2076 938 2204 996 irae.

266 1035 562 1093 Praeterea
600 1033 670 1092 de
723 1034 848 1111 ipsa
893 1032 1157 1091 Ecclesia
1212 1034 1719 1110 sacerdotibusque
1765 1034 2005 1092 liberius
2038 1052 2210 1092 seve-

186 1131 424 1207 riusque
455 1129 796 1208 plerumque
822 1130 991 1196 dixit,
1021 1130 1142 1187 sive
1174 1129 1234 1187 in
1277 1149 1375 1188 eos
1415 1130 1713 1187 invehitur
1751 1131 1846 1206 qui
1879 1154 1905 1182 «
1938 1129 2205 1199 scientia,

123 1242 125 1247 ⁴
184 1227 464 1300 moribuS,
492 1232 685 1295 aetate,
723 1227 955 1285 concilii
990 1245 1103 1284 non
1130 1237 1466 1302 congruunt
1492 1227 1797 1290 institutis,
1827 1228 1949 1285 sive
1975 1226 2207 1285 illorum

185 1325 446 1402 increpat
485 1324 787 1401 ignaviam
826 1324 939 1400 (2),
979 1343 1010 1380 «
1047 1323 1145 1399 qui
1185 1323 1320 1381 dum
1364 1323 1659 1381 lucrandis
1699 1323 1963 1381 fidelibus
2003 1323 2210 1382 debent

183 1421 472 1492 insistere,
517 1419 800 1478 venandis
840 1419 986 1500 feris
1026 1420 1390 1490 incumbunt,
1426 1427 1483 1478 et
1522 1439 1664 1496 quos
1703 1438 1907 1496 capere
1947 1419 2211 1477 homines

182 1522 407 1594 oportet
452 1516 512 1574 in
568 1534 768 1575 eorum
817 1515 1007 1574 locum
1046 1516 1285 1592 capiunt
1325 1535 1462 1574 aves
1506 1535 1574 1575 ac
1615 1516 1830 1574 bestias
1868 1539 1922 1583 »,
1973 1520 2031 1573 et
2070 1515 2208 1573 dum

186 1636 213 1667 «
260 1613 544 1672 mortibus
586 1612 820 1671 student
860 1613 1271 1682 animantium,
1298 1614 1478 1670 vitam
1507 1631 1744 1671 suarum
1778 1612 2053 1669 amittunt
2084 1611 2209 1668 ani-

179 1727 411 1768 marum
456 1732 484 1762 »
540 1709 652 1783 (3).
697 1708 991 1767 Interdum
1056 1710 1246 1786 magis
1286 1710 1528 1767 incitata
1568 1709 1776 1779 oratio,
1832 1726 1962 1766 cum
2003 1708 2073 1766 de
2116 1707 2208 1777 his

177 1804 454 1882 loquitur,
488 1805 562 1862 ad
615 1804 1095 1864 declamationem
1143 1823 1316 1881 quam
1366 1805 1754 1882 eloquentiam
1787 1822 1910 1862 esse
1943 1803 2203 1881 putabat,

176 1900 456 1978 insurgit.

263 2022 290 2051 «
321 1997 406 2066 Si,
437 2002 501 2056 ut
534 2014 659 2055 mos
705 2002 833 2055 erat
863 1996 1143 2073 antiquiS,
1180 1997 1437 2055 seniores
1470 1997 1543 2054 ad
1577 1996 1997 2074 presbyterium
2031 1994 2208 2053 ascis-

176 2100 446 2154 cerentur
487 2112 595 2153 nec
634 2099 855 2171 pateret
906 2095 1094 2170 janua
1149 2098 1266 2151 tam
1308 2093 1561 2152 efferatae
1600 2094 1919 2171 juventuti,
1974 2111 2085 2150 non
2125 2096 2211 2150 tot

176 2191 578 2261 scortationes,
619 2189 909 2259 libidines,
955 2197 1038 2248 tot
1071 2190 1451 2248 contubernia
1483 2197 1540 2248 et
1563 2188 1772 2248 illicita
1804 2186 2209 2248 conventicula

178 2286 642 2358 admitterentur,
692 2305 805 2344 non
860 2293 948 2352 ‚tot
1011 2287 1496 2362 prostituerentur
1559 2287 1819 2363 virgines
1866 2292 2072 2363 raptae,
2124 2291 2209 2343 tot

136 2381 448 2441 ·mulieres
499 2383 903 2459 redigerentur
958 2384 1030 2440 ad
1103 2383 1497 2459 nequitiam...
1567 2383 1678 2442 Sed
1729 2383 1881 2441 unde
1936 2400 2071 2439 nam
2125 2386 2210 2438 tot

177 2478 458 2557 prodeunt
481 2477 709 2548 deliria,
755 2485 836 2538 tot
862 2479 1317 2538 fornicationes?
1349 2480 1441 2538 Ex
1475 2479 1658 2537 nimia
1688 2478 1909 2536 scilicet
1939 2476 2202 2554 crapula,

174 2594 247 2634 ex
269 2581 469 2659 yentre
495 2580 552 2634 et
577 2574 860 2654 ingluvie,
909 2595 984 2633 ex
1027 2576 1209 2634 nimia
1242 2574 1346 2634 illa
1387 2594 1503 2652 qua
1541 2576 1793 2634 maxime
1831 2573 2048 2652 pollent
2085 2574 2208 2633 fere

176 2671 405 2748 quidem
430 2672 714 2741 homineS,
751 2672 1069 2730 sacerdotis
1097 2673 1326 2730 nomine
1354 2677 1580 2730 tantum
1607 2671 1878 2740 celebreS‚
1902 2670 2208 2748 pleonexia

176 2775 233 2826 et
259 2768 643 2830 nutriciorum
665 2769 1006 2826 exuberanti
1048 2775 1105 2826 et
1142 2768 1484 2843 quotidiana
1530 2768 1937 2835 redundantia,
1967 2787 2039 2826 ex
2079 2768 2205 2825 ocio

176 2872 233 2922 et
264 2863 500 2932 delitiis,
531 2883 602 2922 ex
629 2863 744 2921 alio
770 2883 943 2940 quam
978 2864 1302 2931 literarum,
1334 2883 1479 2939 quas
1518 2865 1680 2940 parvi
1709 2883 1933 2940 semper
1957 2863 2200 2931 faciunt,

179 2959 394 3029 studio,
424 2979 495 3019 ex
523 2979 590 3018 eo
623 2960 869 3036 denique
911 2961 1058 3036 quod
1088 2960 1415 3018 inserviunt
1455 2961 1642 3036 potius
1675 2979 1742 3017 ac
1775 2960 1986 3036 saepius
2019 2958 2207 3017 avari·

177 3057 274 3115 tiae
299 3056 463 3114 lucro
488 3076 556 3114 ac
592 3057 767 3114 'rebus
818 3057 1176 3114 secularibus
1204 3075 1376 3132 quam
1411 3056 1647 3115 divinis,
1694 3055 2027 3114 Mirandum
2061 3075 2202 3133 ergo

177 3171 295 3210 non
331 3158 435 3231 est
459 3153 507 3210 si
550 3158 746 3210 nostro
789 3152 899 3210 hoc
929 3151 1123 3211 seculo
1165 3152 1350 3228 major
1395 3152 1854 3210 Christianorum
1896 3162 2128 3211 caterva
2169 3173 2203 3210 a

176 3254 333 3307 recta
351 3249 446 3306 via
470 3248 707 3307 deflexit
731 3248 841 3325 (4).
879 3272 905 3300 »
1926 3231 1929 3234 ⁵

257 3345 539 3403 Pietatem
559 3350 749 3402 tamen
770 3362 965 3401 veram
983 3343 1384 3419 sinceramque
1405 3343 1702 3420 profitetur
1717 3344 1956 3420 saepiuS,
1982 3364 2198 3403 necnon

219 3576 272 3621 (t)
292 3577 340 3612 V.
366 3576 529 3614 ΟΙιιόην
560 3578 652 3614 Uro
694 3578 872 3614 matiss.
897 3586 936 3622 p.
965 3579 1021 3619 31,
1045 3579 1101 3619 44,
1123 3578 1180 3613 48.
1206 3578 1270 3614 Cf.
1293 3579 1523 3615 Fustaller.
1550 3579 1801 3617 Clzronicon
1840 3581 1883 3617 52
1900 3583 1939 3618 et
1960 3582 2015 3617 43.

219 3637 272 3677 (2)
293 3635 448 3679 Moul„
466 3645 508 3680 p.
526 3637 606 3672 242.

221 3694 276 3738 (3)
300 3694 412 3731 Loiz
436 3695 540 3731 abr.
571 3704 612 3740 p.
639 3695 1079 3732 300:cf.1{emonst1·.
1104 3704 1195 3732 ausc
1211 3697 1306 3733 Est.
1326 3697 1380 3734 de
1407 3697 1526 3734 Blois
1546 3699 1632 3742 ι).4,
1649 3703 1699 3735 r·.

219 3752 277 3800 (4)
298 3754 409 3791 Loiz
425 3755 523 3791 abr.
544 3763 583 3800 p.
606 3756 683 3791 452.
707 3756 799 3791 lmo
818 3755 933 3792 facit·
953 3755 1202 3798 indignatio
1224 3764 1419 3793 versum.
1445 3758 1503 3794 cf.
1523 3765 1614 3805 seq.
1647 3760 1690 3795 et
1723 3767 1764 3804 1».
1799 3759 1873 3801 350,
1900 3759 1979 3797 365.
