2508 4212
1046 341 1337 411 -1'13'—·

259 486 403 552 Cum
454 489 550 551 his
597 490 842 551 libenter
890 511 1315 568 apres—cyeno*
1361 493 1449 570 (1)
1505 486 1824 566 conferam,
1876 496 2025 573 quod
2066 486 2206 574 quid

178 588 487 666 significet,
542 589 641 646 vix
688 587 1007 664 intelligas,
1051 589 1166 646 nisi
1221 607 1412 663 eyens
1451 591 1524 647 ab
1557 608 1753 664 cyeno
1800 592 2038 651 ductum
2081 612 2206 652 esse

179 703 381 763 ponaS.
419 686 505 743 De
527 684 799 761 cupidine
843 685 995 742 enim
1050 684 1400 760 Bugnonius
1452 685 1732 761 loquitur,
1770 707 1884 763 qua
1915 708 1982 746 eo
2018 689 2206 766 magis

15 830 24 837 .
123 810 128 816 ·
172 786 481 840 exercetur
504 781 653 858 quod
680 798 793 838 non
822 779 1008 839 solum
1043 780 1254 838 ardens
1286 788 1395 851 est,
1427 781 1527 839 sed
1566 784 1720 839 omni
1750 803 1849 859 spe
1892 784 1981 842 vel
2010 785 2204 843 fructu

181 876 478 946 destituta,
516 875 575 934 id
592 882 681 936 est
703 894 928 952 egena.

267 1114 321 1191 β)
362 1114 757 1191 Εθραῃνιαηέ
784 1133 804 1173 .·

178 1289 509 1342 dous-amer
529 1291 621 1356 (11,
647 1306 702 1356 p.
735 1293 849 1354 11):

445 1417 550 1479 Qui
574 1417 791 1469 voudra
813 1416 938 1469 voir
963 1417 1274 1484 qu’Amour
1293 1422 1379 1469 est
1402 1417 1739 1470 dous-amer.

179 1581 574 1648 dous-facheus
596 1582 890 1648 (LXXXII,
918 1596 973 1646 p.
996 1584 1082 1644 73)
1102 1593 1114 1634 ἰ

449 1707 579 1759 d'un
607 1706 996 1776 dous-facheus
1013 1711 1263 1772 outrage.

183 1872 480 1957 do'uc-e‘qre
496 1873 579 1936 (C,
606 1886 666 1937 p.
697 1872 786 1938 88)
813 1882 829 1927 Ζ

449 1996 637 2050 Traite
661 1997 714 2049 le
751 2011 903 2050 coeur
921 1998 991 2048 de
1016 2012 1109 2048 ma
1135 1997 1424 2063 douc'eyre
1450 1999 1642 2050 Datne.

184 2159 603 2212 divin-humain
624 2160 787 2227 (CXI,
815 2174 867 2224 p.
896 2158 983 2226 99)
1012 2176 1025 2211 z

449 2289 526 2339 De
562 2285 655 2353 cil,
678 2285 772 2352 qui
790 2285 946 2338 croid
971 2289 1089 2337 tout
1113 2285 1537 2336 divin-hamam
1560 2286 1690 2339 bien

445 2369 619 2421 Venir
644 2368 712 2419 de
739 2368 848 2433 luy.

263 2516 364 2605 Cf.
389 2515 747 2594 Adverbium
776 2533 790 2574 ε
827 2516 1357 2575 dedens-dehorS.
1390 2516 1768 2593 (LXXXIX,
1797 2537 1854 2594 p.
1890 2516 1991 2597 80)
2030 2537 2046 2579 :v

449 2656 536 2708 Nc
563 2656 765 2707 retii-ez
788 2654 995 2721 jamais
1020 2655 1103 2706 les
1130 2656 1422 2718 etrangers

452 2737 627 2801 Qu’ils
652 2750 722 2787 ne
748 2751 889 2787 vous
911 2736 1095 2787 soient
1119 2735 1551 2786 dedens-debore
1575 2750 1772 2789 conus.

264 2865 447 2926 Recte
470 2866 591 2924 Dor
621 2863 995 2923 Ronsardum
1020 2862 1114 2920 his
1153 2863 1388 2920 vocibus
1413 2870 1627 2940 praeter
1650 2871 1870 2923 ceteros
1897 2884 2063 2924 usum
2088 2885 2213 2926 esse

183 2962 501 3022 contendit.
546 2961 676 3022 Non
718 2959 869 3036 quod
909 2957 1101 3017 Saevae
1154 2960 1373 3035 ignotae
1411 2959 1623 3018 fuerint
1670 2961 1822 3036 apud
1850 2980 2022 3038 quem
2048 2961 2213 3040 legas

185 3057 584 3136 (LXXXVII,
614 3076 669 3133 p.
697 3055 836 3132 43):

450 3197 523 3248 Ce
546 3195 693 3247 doux
713 3194 881 3260 ,qrief
905 3193 1016 3244 mal
1043 3196 1160 3244 tant
1186 3193 1543 3257 longuement
1567 3195 1812 3246 sousfert.

267 3322 380 3385 Sed
418 3323 611 3401 potius
659 3322 949 3399 adjectiva
985 3321 1099 3379 duo
1139 3339 1273 3379 cum
1316 3320 1545 3379 nomine
1584 3321 1668 3379 ita
1711 3322 2019 3398 conjungit
2053 3328 2116 3382 ut
2152 3324 2213 3382 in

160 3418 367 3480 ¹unum
416 3438 531 3478 non
585 3418 938 3485 coalescant,
990 3416 1100 3474 hoc
1142 3435 1277 3474 vero
1329 3434 1464 3474 cnm
1503 3417 1748 3493 positivo
1794 3428 2200 3494 componatur,

239 3669 297 3722 (1)
322 3669 411 3712 Les
437 3668 642 3711 volontez
668 3666 745 3720 qui
773 3664 944 3707 dedens
973 3665 1050 3716 luy
1074 3663 1403 3710 bouillonnent,

418 3766 476 3807 Et
491 3776 565 3806 ses
586 3763 737 3806 desire
753 3760 1051 3814 apres-eyens
1073 3760 1306 3801 talonnent
1330 3760 1450 3812 (El.‚
1475 3772 1522 3813 p.
1555 3760 1644 3812 81).
