2508 4212
959 342 1220 394 —37-

142 479 205 538 2‘
232 481 297 538 In
316 464 571 557 Legibus
592 479 888 555 abrogatis
933 498 991 556 p.
1023 479 1143 537 317
1169 478 1313 535 duos
1352 495 1552 534 versus
1588 474 1806 552 profert
1835 492 1908 533 ex
1947 472 2094 530 libro

61 576 355 635 trIcesimo
380 581 543 634 sexto
568 575 963 647 juvenilium
987 578 1045 632 et
1077 590 1397 643 amorum,
1429 573 1498 630 de
1524 571 1731 647 quibus
1766 569 1913 627 nihil
1948 570 2089 627 scio.

142 701 204 760 3⁰
229 702 694 779 Epigrammata,
741 700 1008 777 pluribus
1056 699 1223 757 libris
1256 699 1554 770 distincta,
1608 717 1668 756 se
1704 695 2096 773 composuisse

63 802 331 867 testatur,
361 800 419 871 (e
444 797 653 873 quibus
694 815 874 855 unum
914 797 974 853 in
1007 802 1214 872 quarto
1246 795 1398 852 libro
1431 795 1657 870 Legum
1683 794 2096 868 abrogatarum

62 911 200 970 pag.
229 893 351 968 394
366 892 704 969 excerpsit),
723 893 925 951 sedita
957 897 1225 959 testatur,
1250 898 1311 949 ut
1336 909 1631 966 nunquam
1652 890 1804 966 typis
1822 887 2099 946 mandata

60 1005 132 1048 ea
155 988 338 1048 fuisse
369 988 677 1064 significet.
702 988 791 1065 (l)

146 1475 441 1552 Quidquid
482 1475 538 1532 id
573 1481 682 1545 est,
721 1494 795 1533 ex
818 1479 904 1532 tot
947 1474 1218 1551 operibus
1252 1473 1499 1531 diversis
1540 1492 1671 1549 quae
1706 1473 1856 1530 mira
1888 1472 2098 1531 fecun-

0 1567 7 1619 -'-
65 1573 244 1649 ditate
268 1572 431 1655 illius
447 1571 647 1632 saeculi
672 1572 828 1639 tulit,
859 1571 1044 1629 multa
1076 1577 1386 1647 supersunt
1417 1570 1567 1629 unde
1594 1576 1854 1628 nostrum
1873 1567 2099 1627 similli-

66 1690 226 1731 mum
243 1668 762 1747 fuissejudicemus
781 1669 851 1726 iis
865 1669 962 1745 qui
984 1687 1140 1726 nunc
1157 1669 1213 1725 in
1235 1668 1461 1726 diurnis
1477 1667 1732 1743 quotidie
1749 1666 1819 1724 de
1836 1667 1992 1723 omni
2011 1684 2094 1734 re,

0 1806 2 1810 ν
68 1774 132 1827 ut
160 1771 385 1844 tempus
415 1765 618 1843 poscit,
647 1764 961 1833 disserunt,
983 1764 1211 1832 docent,
1250 1764 1572 1840 disputant,
1602 1761 1952 1821 declamant.
1985 1761 2095 1820 Seu

2 1872 5 1873 ’
65 1862 137 1922 de
160 1868 342 1922 morte
366 1867 469 1920 aut
508 1860 726 1938 nuptiis
759 1860 970 1919 nobilis
1001 1860 1135 1929 viri,
1166 1879 1266 1917 seu
1292 1860 1361 1917 de
1394 1860 1551 1935 regis
1577 1859 1831 1916 adventu
1872 1858 2093 1934 agitur,

63 1947 187 2019 sire
222 1958 485 2018 obtinent
538 1976 774 2034 campos
813 1976 984 2032 aquae
1025 1963 1126 2014 aut
1158 1957 1360 2014 urbem
1394 1956 1568 2033 pestis
1595 1962 1765 2013 vexat
1790 1974 1860 2013 ac
1895 1961 2093 2024 terret,

64 2055 188 2115 sive
233 2073 386 2114 nova
430 2053 527 2113 lex
573 2052 944 2130 promulgata
984 2059 1071 2110 est
1110 2061 1212 2110 aut
1253 2051 1395 2122 lata,
1442 2052 1563 2110 sive
1604 2050 1874 2110 medicati
1908 2050 2098 2110 fontes

0 2143 5 2146 ⁵
66 2151 446 2210 inveniuntur
491 2148 585 2208 vel
630 2147 961 2208 incenditur
1030 2167 1285 2217 annona,
1340 2154 1442 2205 aut
1492 2146 1684 2206 soluta
1745 2154 1846 2204 aut
1894 2146 2100 2205 stricta

63 2247 348 2320 oratione,
370 2245 773 2324 quodcumque
803 2244 1036 2312 accidit,
1068 2245 1138 2302 de
1163 2263 1231 2302 eo
1271 2264 1342 2303 ex
1368 2251 1627 2320 tempore
1654 2242 1830 2312 dolet,
1854 2242 2093 2319 gaudet,

65 2343 291 2414 suadet,
319 2342 571 2420 judicat.

145 2437 538 2517 Ignoscendus
571 2455 707 2496 vero
743 2438 841 2514 qui
886 2457 987 2495 nec
1021 2436 1204 2514 pretio
1243 2436 1475 2514 scripsit
1517 2455 1619 2495 nec
1660 2441 1844 2495 totum
1870 2441 2097 2514 tempus

66 2535 180 2596 nisi
204 2533 556 2595 feriarumin
583 2534 759 2611 nugis
784 2533 1159 2609 consumpsit.

150 2632 471 2700 Praeterea,
519 2630 567 2687 si
606 2648 678 2688 ex
707 2629 977 2687 omnibus
1017 2626 1298 2686 nonnulla
1323 2633 1458 2686 sunt
1490 2646 1619 2704 quae
1658 2625 1863 2686 tollere
1888 2624 2090 2697 velleS,

67 2727 187 2786 alia
222 2746 355 2805 quae
395 2724 697 2803 negligere
739 2715 1016 2802 placeret,
1052 2730 1269 2782 restant
1315 2731 1509 2781 tamen
1551 2742 1680 2799 quae
1721 2722 2094 2782 manifestum

59 2823 288 2884 faciant
325 2809 490 2881 hunc⁴
522 2821 829 2880 obscurum
871 2822 1063 2879 virum
1119 2819 1333 2890 locum,
1379 2839 1482 2878 nec
1529 2820 1763 2897 quidem
1799 2818 2092 2906 ultignum,

110 3050 200 3097 (θα
224 3046 371 3088 Nolim
405 3048 629 3086 distichon
654 3048 770 3094 quod
796 3048 908 3085 alias
932 3048 1013 3085 llb.
1037 3047 1181 3093 primo
1210 3047 1597 3093 Epigrammatum
1626 3032 1840 3084 contexui
1866 3047 1920 3084 de
1947 3053 2099 3084 mona·

66 3110 255 3147 chorum
278 3107 522 3145 solitudine
541 3106 691 3153 aliqua
709 3108 940 3144 hominurn
958 3107 1250 3154 quantumvis
1271 3106 1404 3143 etiam
1438 3106 1570 3148 longa
1588 3106 1803 3143 memoria
1820 3107 2097 3148 intercidere.

69 3169 136 3206 lta
156 3168 277 3206 enim
297 3174 389 3213 prae
409 3175 456 3204 se
474 3167 563 3204 sert

486 3263 582 3299 Non
606 3261 737 3298 debet
762 3261 1010 3298 monachus
1035 3261 1170 3298 sociis
1185 3260 1509 3298 comitantibus
1531 3260 1610 3304 uti,

444 3322 576 3359 Solus
592 3321 635 3357 in
662 3321 830 3364 exigua
847 3328 1023 3366 semper
1038 3323 1085 3358 at
1100 3329 1197 3357 esse
1221 3320 1371 3357 domo.

490 3380 612 3418 istud
630 3382 783 3425 aperta
806 3380 934 3417 docet
952 3380 1022 3416 vis
1044 3379 1240 3416 nominis
1266 3388 1275 3416 :
1301 3382 1500 3417 attamen
1525 3380 1611 3425 ipsi

446 3439 545 3477 Vim
571 3438 731 3475 falsam
750 3438 865 3474 hanc
891 3437 1095 3474 monachi
1124 3437 1318 3474 nominis
1334 3445 1429 3474 osse
1448 3439 1632 3482 putant:

488 3498 687 3542 Namque
712 3497 855 3533 solent
871 3505 1046 3541 semper
1062 3497 1197 3533 sociis
1213 3496 1536 3533 comitantibus
1558 3497 1640 3538 uti,

490 3556 534 3593 Si
561 3555 691 3593 cadat
713 3557 762 3592 ut
782 3555 933 3591 socius
957 3563 1063 3592 mox
1091 3555 1207 3592 ferat
1222 3555 1335 3591 alter
1357 3562 1500 3600 opem.

116 3644 197 3682 Hic
219 3645 477 3688 catalogum
504 3643 631 3681 illum
647 3643 854 3680 claudere
878 3642 1032 3685 debeo.
1050 3643 1133 3679 etsi
1169 3651 1434 3688 persuasum
1454 3642 1595 3680 liabeo
1612 3644 1656 3680 et
1682 3643 1838 3681 multis
1870 3644 1974 3681 aliis
2002 3653 2097 3682 ver-

71 3702 200 3740 sibus
218 3704 297 3741 aut
312 3703 513 3748 epistolis
530 3702 669 3740 libros
689 3702 973 3746 Bugnonium
993 3702 1222 3739 ornavisse
1239 3710 1353 3748 quae.
1373 3702 1528 3739 multis
1543 3703 1689 3740 tamen
1708 3710 1731 3739 e
1749 3703 1929 3758 pulvere
1955 3705 2096 3743 erutis

74 3768 394 3811 voluminibus,
411 3769 565 3806 oculos
584 3775 705 3805 meos
727 3775 813 3804 non
839 3767 1132 3805 offenderunt.
