2508 4212
1235 351 1496 425 ...ῥρ-

346 524 500 584 anno
549 543 800 584 ciolon111
850 529 1205 599 compertum
1228 517 1443 582 habes.>
1466 525 1591 583 Nec
1623 523 1806 584 multo
1838 532 1970 602 post
1997 544 2129 583 eum
2178 539 2385 586 versus

2504 479 2508 505 ...
2503 458 2508 461 .
2493 338 2508 428 aab.
2502 254 2508 322 ..4-
2496 0 2508 243 „umen-mm—

344 623 689 692 meditatum
730 639 852 678 esse
885 620 1134 678 libenter
1173 620 1431 690 credam,
1470 640 1641 697 quem
1685 640 1798 679 non
1841 622 2134 680 amavisse
2177 622 2386 683 nisi'ut
2460 673 2463 675 ,
2501 639 2508 674 <1

345 725 579 777 caneret
612 716 899 792 suspicari
926 717 1134 791 possis.
1172 732 1174 735 ·

424 836 578 893 Ante
620 835 729 891 hoc
757 841 984 909 tempus
1019 833 1255 891 credere
1294 839 1380 891 est
1410 827 1812 910 Bugnonium,
1844 835 1942 911 qui
1970 853 2158 911 pauca
2183 834 2252 893 de
2279 853 2384 894 suo

341 933 517 1001 fudit,
542 938 678 990 tunc
710 930 991 1006 juvenem
1032 930 1433 1006 incertumque
1460 931 1610 989 inter
1651 937 1849 1008 poetas
1884 933 2240 1007 magistrum
2274 932 2385 989 sibi

341 1029 630 1105 delegisse
657 1027 752 1085 cui
781 1028 838 1083 in
867 1026 1070 1102 primis
1105 1027 1514 1103 componendis
1553 1027 1826 1085 versibus
1847 1046 1907 1086 se
1945 1028 2205 1086 adderet.
2239 1028 2382 1092 Quis

260 1115 262 1117 ’
342 1126 542 1197 fuerit,
605 1124 823 1191 nesciO,
877 1123 1224 1200 amissisque
1287 1122 1404 1181 illis
1466 1124 1726 1182 versibus
1777 1123 1925 1181 nihil
1983 1125 2125 1182 certi
2177 1123 2386 1183 afferre

343 1225 609 1300 possum}
641 1222 906 1297 suspicor
931 1226 1125 1278 tamen
1160 1221 1413 1300 Pontum
1447 1221 1808 1298 Tyardeum.
1841 1222 2051 1280 Nonne
2076 1221 2231 1280 enim
2257 1241 2386 1280 eam

342 1319 593 1378 formam
625 1318 910 1396 poematis
950 1317 1302 1393 Bugnonius
1344 1317 1528 1376 voluit
1569 1337 1714 1385 esse,
1758 1337 1932 1394 quam
1964 1318 2273 1396 Tyardeus
2314 1319 2387 1376 ab

342 1417 516 1475 Italia
541 1417 887 1486 adduxerat,
917 1435 952 1473 a
978 1415 1151 1473 verbo
1176 1434 1294 1474 seoe
1314 1415 1530 1472 dictam
1555 1416 1872 1474 sestinam
1897 1416 2030 1493 (1)ss
2055 1416 2131 1475 Et
2151 1415 2389 1475 difficile

344 1514 577 1572 credam
595 1513 975 1590 Bugnonium
990 1531 1297 1571 numerum
1318 1512 1510 1582 modo,
1527 1530 1642 1570 non
1657 1512 1847 1589 ipsum
1867 1512 2159 1570 scribendi
2172 1532 2382 1589 genuS,

346 1617 629 1688 quantum
663 1611 872 1687 potuit,
912 1609 1203 1667 imitatum
1229 1627 1376 1666 esse.

429 1731 642 1788 Postea
681 1729 860 1796 enim,
911 1726 1050 1786 licet
1095 1727 1287 1804 magis
1329 1727 1399 1784 ad
1444 1726 1591 1785 alios
1634 1746 1695 1784 se
1736 1726 2019 1798 conferat,
2052 1727 2204 1804 quod
2229 1727 2382 1786 infra

345 1827 824 1894 monstrabimus,
850 1844 1078 1902 semper
1103 1826 1387 1883 Errores
1414 1830 1549 1882 ante
1583 1824 1782 1882 oculos
1809 1825 1983 1883 habet
2005 1825 2116 1899 (2),
2149 1844 2394 1901 quorum

346 1944 570 1995 verSUS,
601 1924 891 2001 verbaque
925 1927 981 1981 et
1005 1922 1223 1998 stylum
1259 1922 1476 1998 saepius
1502 1921 1854 1993 refert.Im0‚
1886 1921 1934 1979 si
1959 1920 2229 1980 laudibus
2254 1941 2389 1980 con-

346 2023 552 2081 fideres
606 2020 816 2097 quibus
841 2021 916 2076 ‘in
972 2019 1224 2077 Eroticis
1265 2018 1619 2095 municipem
1672 2037 1842 2076 suum
1889 2017 2121 2088 extulit,
2173 2019 2389 2096 absque

347 2121 522 2178 dubio
555 2124 708 2177 esset
747 2136 880 2176 eum
908 2123 1241 2174 constanter
1278 2117 1534 2192 primum
1567 2116 1918 2192 magistrum
1943 2122 2205 2175 secutum
2238 2135 2385 2175 esse.

430 2217 571 2287 Vix,
620 2216 829 2292 inquit,
877 2215 925 2272 si
963 2212 1310 2289 eloquentiae
1344 2213 1637 2270 Ciceronis
1663 2212 2043 2290 Platonisque
2075 2213 2390 2291 elegantiae

349 2315 708 2374 Socraticam
731 2312 1099 2389 prudentiam
1126 2311 1381 2390 jungere
1406 2310 1611 2368 liceret
1646 2309 1750 2388 (3),
1779 2310 2174 2387 suppeditaret
2197 2310 2390 2391 dicere
2435 2373 2441 2380 ,

346 2411 627 2490 quidquid
681 2427 844 2467 sacer
885 2414 986 2467 aut
1027 2408 1219 2485 potius
1269 2407 1460 2483 magis
1498 2425 1677 2483 quam
1718 2425 1881 2465 sacer
1921 2406 2268 2483 divinusque
2311 2404 2384 2486 (4)

342 2517 512 2587 poeta
574 2505 884 2565 altitudine
938 2504 1163 2580 ingenii
1205 2504 1614 2562 admirationis
1661 2505 1920 2562 omnium
1976 2504 2189 2562 animis
2235 2505 2383 2582 inje-

342 2607 422 2664 cit
470 2604 580 2681 (5).
621 2602 735 2662 Sed
767 2620 840 2659 ne
865 2602 989 2678 ipse
1014 2600 1269 2676 frigidus
1299 2600 1519 2670 videar,
1553 2600 1730 2658 verba
1755 2601 1883 2677 ipsa
1908 2598 2151 2658 afferam
2200 2616 2212 2658 :

745 2770 914 2834 Celuy
938 2769 1145 2835 duquel
1174 2769 1227 2818 la
1255 2770 1416 2819 Muse
1445 2768 1493 2818 si
1520 2769 1655 2818 haut
1682 2768 1883 2819 chante

741 2854 839 2902 Est
865 2852 932 2902 de
962 2851 1163 2915 Tyard,
1193 2851 1288 2915 qui
1314 2851 1534 2902 Phebus
1561 2853 1884 2915 represente

739 2934 796 2986 Si
822 2934 1156 2983 doucement
1183 2936 1236 2982 et
1264 2947 1331 2981 va
1362 2931 1577 2996 I’esprit
1599 2931 1815 2982 embler

743 3019 849 3066 Par
874 3030 967 3066 ses
994 3015 1139 3066 ecris
1166 3015 1457 3079 pai-fuinez
1484 3014 1807 3078 d'elegance
1841 3027 1850 3067 :

739 3101 885 3148 Pour
909 3098 991 3148 les
1018 3111 1154 3161 ouyr
1183 3111 1288 3161 que
1323 3096 1407 3146 les
1430 3097 1652 3160 princes
1679 3096 1749 3146 de
1778 3098 1991 3147 France

736 3181 904 3231 Voire
932 3181 1014 3230 les
1045 3181 1209 3230 Dieus
1235 3179 1353 3230 s'en
1379 3179 1714 3229 voudroient
1740 3179 2055 3230 assembler
2083 3179 2174 3243 (6).

379 3375 430 3419 (I)
447 3374 668 3412 SestInam
691 3372 812 3416 legas
830 3372 946 3409 Err’.
972 3373 1162 3408 Amour’.
1191 3372 1241 3415 II,
1268 3372 1321 3414 75,
1348 3370 1419 3407 ed.
1448 3371 1548 3414 1555,
1575 3371 1643 3407 CI'.
1667 3370 1728 3406 CI.
1762 3370 1815 3406 de
1843 3371 2064 3413 Pontoux,
2091 3369 2374 3416 Gelodacrie‚

337 3435 380 3472 60
400 3439 452 3475 ν’,
474 3435 575 3469 1579.

377 3503 431 3548 (2)
459 3502 528 3539 Cf.
559 3502 792 3538 Erotos-m.
819 3507 943 3542 cvm,
971 3507 1009 3542 p.
1036 3498 1098 3535 94.

379 3565 430 3605 (3,
459 3562 521 3598 10.
547 3572 586 3606 I»
608 3562 683 3597 109.

381 3623 429 3665 (4)
455 3621 519 3658 11».
548 3622 766 3664 LXXXIII,
795 3630 833 3665 p.
861 3622 917 3656 74.

377 3680 431 3725 (5)
455 3681 521 3717 ΙΙ).
554 3688 653 3725 pag.
676 3682 732 3723 91,
759 3682 817 3724 77,
837 3683 918 3716 etc.

378 3742 432 3786 (6)
458 3741 522 3776 II).
552 3749 653 3785 pag.
686 3741 746 3776 (55.
