2508 4212
1239 270 1498 319 -18-

340 405 595 463 alienum
616 404 872 461 laborem
900 404 958 459 in
985 421 1151 466 suum
1184 404 1554 470 converterit,
1583 422 1779 480 seque,
1803 410 1863 462 ut
1896 405 2082 481 ipsius
2115 405 2370 465 Guiche-

339 501 507 559 nonis
536 500 724 558 verbis
757 506 911 565 utar,
958 499 1300 574 scriptorem
1336 499 1625 575 professus
1653 502 1747 558 sit.
1785 501 2018 559 Etenim
2045 501 2144 577 qui
2171 507 2370 578 negat,

338 597 642 673 surripuit,
682 595 948 670 sumpsit,
981 594 1078 669 qui
1109 594 1347 653 fatetur.
1972 670 1975 673 .

417 694 573 750 Mira
627 691 857 766 quidem
911 690 1276 766 impudentia
1329 691 1593 762 fecisset,
1653 692 1702 749 si
1759 692 1843 749 ita
1890 679 2098 750 contra
2151 699 2374 752 rectum

331 789 754 863 honestumque
780 788 1141 863 deliquisset,
1172 789 1269 863 qui
1296 789 1353 845 in
1389 789 1651 865 imagine
1683 808 1791 847 sua
1825 808 2032 848 nomen
2072 791 2154 847 ita
2182 790 2374 849 detor—

331 893 454 943 tum
495 884 763 943 inscribit
802 889 866 941 ut
907 884 1057 941 nihil
1090 884 1253 942 aliud
1278 883 1397 961 legi
1432 886 1635 961 possit,
1683 884 1965 962 suppletis
1992 885 2227 956 litteriS,
2259 887 2376 946 nisi

331 979 838 1059 Boniom-[inis],
866 978 928 1058 (i.
951 999 1003 1038 e.
1023 979 1323 1059 hominis)
1347 978 1556 1060 (l),qui
1575 982 1782 1040 deinde
1795 982 1983 1058 primo
1995 988 2374 1059 quoquetem-

328 1097 489 1154 pore,
514 1076 804 1134 Plinianae
830 1077 1134 1135 sententiae
1170 1096 1414 1147 memor,
1453 1078 1661 1154 cuique
1687 1097 1853 1136 suum
1889 1079 2165 1137 reddendi
2199 1080 2375 1156 cupi-

327 1174 466 1231 dum
514 1192 575 1231 se
614 1191 741 1230 esse
783 1172 1112 1248 profitetur,
1164 1198 1190 1227 «
1237 1192 1308 1231 ne
1357 1174 1466 1231 sibi
1509 1174 1708 1232 omnia
1749 1175 2020 1233 videatur
2059 1163 2278 1234 temere
2317 1182 2376 1233 et

328 1269 715 1327 inverecunde
755 1287 1039 1345 arrogare
1085 1288 1152 1326 ac
1181 1270 1515 1328 adscribere
1554 1276 1835 1347 tanquam
1880 1290 1911 1329 e
1958 1289 2063 1328 suo
2088 1270 2246 1329 fonte
2281 1270 2373 1329 vel

329 1365 563 1424 officina
604 1366 872 1442 primitus
905 1366 1248 1442 prodierint,
1279 1386 1459 1443 quum
1488 1367 1565 1425 sit
1603 1367 1870 1425 obnoxiae
1904 1367 2136 1437 mentiS,
2175 1372 2249 1425 et·
2272 1368 2373 1426 in·-

329 1464 489 1540 genii
533 1464 785 1521 maxime
843 1462 1092 1521 infelicis
1155 1482 1452 1539 nunquam
1516 1463 1689 1521 fateri
1738 1449 1853 1542 *per
1909 1483 2053 1540 quos
2104 1469 2371 1523 auctores

329 1559 669 1635 proieceris.
705 1580 734 1615 »
766 1558 854 1635 (2)

410 1656 651 1733 Reipsa,
697 1674 1032 1732 quanquam
1072 1655 1308 1727 librum,
1356 1675 1516 1714 more
1552 1655 1708 1714 illius
1743 1654 1970 1724 saeculi,
2010 1655 2368 1732 obsignavit,

331 1753 483 1830 quod
508 1754 620 1829 ipsi
642 1750 978 1828 bibliopolae
1021 1753 1235 1829 saepius
1266 1752 1553 1820 fecerunt,
1599 1753 1647 1809 si
1689 1752 1780 1811 vel
1821 1751 1978 1811 tituli
2025 1753 2202 1811 verba
2236 1754 2367 1818 ,ani-

329 1850 694 1909 madvertere
743 1848 909 1919 veliS,
960 1850 1310 1926 Bugnonius
1366 1849 1626 1907 declarat
1681 1868 1740 1906 se
1811 1873 1837 1902 «
1899 1849 2213 1908 chronicon
2254 1869 2371 1908 non

328 1948 689 2023 scripsisse,
727 1947 824 2005 sed
865 1947 1268 2004 tantummodo
1310 1946 1800 2027 concinnavisse
1846 1968 1899 2002 ».
1939 1946 2104 2010 Quod
2148 1945 2198 2004 si
2241 1947 2370 2023 quis

328 2063 511 2122 prava
537 2062 637 2121 spe
662 2043 763 2101 illo
796 2044 971 2102 verbo
997 2043 1352 2101 subobscuro
1378 2061 1547 2101 usum
1575 2061 1700 2101 esse
1733 2047 1993 2100 nostrum
2011 2042 2364 2120 suspicatur,

330 2141 678 2218 respondere
694 2141 830 2198 licet
854 2140 911 2197 id
939 2140 1011 2197 ab
1028 2139 1155 2216 ipso
1178 2138 1531 2198 Fustallerio
1557 2139 1722 2215 quasi
1749 2136 2138 2215 praelegatum
2165 2138 2366 2208 fuisse,

325 2239 447 2315 qui,
492 2237 580 2296 bis
614 2238 685 2295 de
733 2256 904 2314 opere
946 2256 1049 2295 suo
1086 2245 1149 2295 ut
1188 2256 1303 2295 non
1352 2235 1621 2294 absoluto
1649 2242 1706 2293 et
1760 2236 1932 2294 male
1981 2236 2366 2295 concinnato

322 2333 575 2403 locutuS,
645 2352 889 2392 vocasse
930 2332 1186 2410 aliquem
1241 2332 1491 2402 videtur,
1547 2331 1645 2408 qui
1723 2331 1784 2388 id
1834 2331 2210 2389 concinnaret
2251 2330 2363 2407 (3).

320 2430 1166 2508 Bugnoniusigitur,quamvis
1201 2430 1421 2507 saepius
1448 2427 1683 2488 malain
1718 2428 2007 2486 deteriora
2028 2428 2365 2496 mutaverit,

319 2536 384 2587 ut
415 2529 572 2586 inira
609 2528 1048 2598 monstrabitur,
1099 2527 1334 2586 credere
1375 2526 1562 2604 potuit
1601 2525 1794 2584 facere
1831 2543 1892 2583 se
1934 2524 2083 2600 quod
2133 2523 2367 2583 functus

321 2626 570 2702 scriptor
594 2624 934 2701 optavisset.

400 2722 696 2801 Quidquid
724 2722 782 2779 id
808 2727 914 2788 est,
955 2740 1026 2779 ne
1060 2739 1175 2797 qua
1207 2719 1267 2777 in
1297 2739 1357 2778 se
1389 2718 1622 2777 caderet
1661 2717 1940 2794 suspicio,
1980 2718 2038 2775 in
2068 2718 2196 2794 ipso
2231 2715 2364 2774 libri

314 2819 484 2877 initio
518 2839 585 2877 ac
611 2819 780 2895 quasi
814 2818 1003 2876 fronte
1050 2816 1391 2876 Fustallerii
1433 2834 1641 2874 nomen
1675 2814 1994 2891 laudesque
2040 2813 2359 2890 inscripsit.

317 2917 412 2976 Sic
437 2918 593 2975 enim
620 2916 901 2994 praefatur
934 2932 946 2973 :
992 2939 1018 2969 «
1050 2914 1376 2973 Historiam
1402 2932 1576 2990 quam
1610 2913 1712 2971 tibi
1759 2931 1849 2971 me
1901 2916 2104 2970 autore
2146 2909 2365 2988 legen-¹

316 3015 449 3072 dam
496 3014 845 3073 exhibuerat
892 3013 993 3070 Fr.
1047 3011 1440 3082 FustaleriUS‚
1497 3010 1636 3068 olim
1681 3010 1836 3087 apud
1894 3013 2183 3094 nostrates
2245 3025 2359 3064 non

363 3216 420 3267 (l)
439 3216 490 3256 V.
513 3217 639 3256 Com.
665 3216 768 3255 ord.
787 3213 998 3254 Moulins
1025 3212 1071 3252 in
1091 3212 1264 3252 limine.
1295 3211 1397 3251 Non
1416 3210 1621 3251 dubitari
1640 3212 1786 3262 potest
1810 3209 1921 3261 quin
1937 3208 2010 3249 hic
2030 3218 2196 3248 nomen
2222 3217 2360 3248 suum

312 3285 563 3334 significari
604 3282 813 3331 voluerit,
851 3292 953 3321 cum
983 3279 1155 3319 eisdem
1199 3278 1367 3319 litteris
1405 3277 1653 3318 editionem
1692 3276 1899 3316 ultimam
1937 3273 2263 3316 Commentarii
2311 3272 2366 3314 de

313 3352 459 3391 edicto
490 3350 695 3389 Blesensi
723 3349 893 3389 finierit
918 3347 1070 3397 (1585).

369 3440 426 3492 (2)
458 3441 575 3479 Leia:
593 3441 766 3489 abroq„
789 3450 837 3491 p.
872 3437 969 3478 320.

365 3538 422 3589 (3)
464 3537 577 3577 Vide
611 3536 736 3588 (pag.
796 3535 820 3576 3
860 3534 931 3575 ed.
969 3534 1198 3585 Yemeniz)
1240 3531 1479 3585 epistolam
1535 3530 1592 3571 ad
1643 3529 1887 3571 Claudium
1933 3527 2365 3581 Longovicanum...

313 3619 332 3641 «
367 3605 700 3644 Adnotarnenta
742 3602 975 3642 volumine
1011 3601 1210 3653 quodam
1241 3599 1471 3651 congessi,
1502 3608 1603 3650 quae
1644 3597 1690 3637 in
1718 3596 1988 3637 litterariam
2031 3605 2181 3635 escam
2215 3602 2361 3646 penus

314 3677 519 3711 nostrum
563 3672 685 3710 male
727 3670 1017 3709 concinnata
1066 3668 1249 3708 obserat
1294 3682 1334 3707 ».
1382 3667 1437 3706 Et
1479 3666 1599 3705 infra
1632 3676 1640 3704 ς
1672 3679 1690 3701 «
1721 3668 1764 3705 et
1803 3663 1931 3705 rudis
1971 3665 2015 3704 et
2062 3660 2360 3703 inconcinna

309 3738 532 3790 (operula)
563 3737 796 3777 videbitur
828 3753 866 3775 ».
