2508 4212
1039 330 1298 384 -85-

240 464 627 547 Ideoquefflon
652 483 817 522 secus
842 483 910 522 ac
937 452 1216 542 magister
1255 466 1374 542 ipse
1398 485 1435 522 a
1458 463 1949 531 commilitonibus
1983 464 2187 522 doctus

135 544 448 620 'salutatus
472 566 559 619 est
599 577 612 617 :
1194 552 1196 554 ’

435 720 615 780 Quant
641 732 712 768 au
733 719 940 782 samir,
970 720 1053 771 s'il
1080 721 1232 771 vient
1261 721 1490 786 delyre,

434 802 520 852 Un
545 798 674 864 jour
698 814 941 864 pout-ray
966 807 1164 851 savant
1185 816 1274 852 me
1301 803 1421 852 dire
1451 815 1462 855 :

436 879 654 946 Mais1‘e
681 894 812 930 sens
841 895 946 932 une
974 883 1145 933 chose
1173 897 1242 933 en
1268 886 1360 947 toy
1390 899 1400 932 :

392 1023 396 1027 ,
431 963 575 1014 C’est
600 975 708 1026 que
736 961 861 1026 deja
885 961 939 1027 J‘e
968 965 1022 1013 te
1046 965 1170 1014 vois
1196 965 1333 1025 etre‚

371 1050 376 1054 “
429 1044 598 1093 Docte
625 1045 678 1092 et
705 1044 867 1093 verse
893 1057 960 1094 en
987 1047 1140 1095 toute
1168 1045 1329 1095 lettre

430 1125 503 1176 Ce
526 1126 622 1191 qui
648 1125 788 1177 n'est
815 1139 917 1189 pas
937 1126 1121 1177 encor’
1148 1140 1216 1175 en
1243 1141 1395 1191 moy.

728 1208 920 1272 (Guill.
949 1207 1018 1258 de
1046 1207 1098 1257 la
1125 1210 1320 1271 TaySS.
1349 1207 1404 1257 in
1444 1207 1680 1274 Erot p.
1717 1209 1838 1273 106)
1858 1209 1966 1269 (1).-

248 1364 461 1425 Utrum
500 1370 662 1424 tanta
680 1364 953 1442 superbia
985 1364 1068 1423 eis
1104 1364 1411 1441 profecerit
1431 1384 1507 1423 an·
1531 1364 1796 1423 nocuerit
1827 1369 1884 1421 et
1904 1379 2104 1421 versus
2140 1361 2196 1418 in

168 1459 334 1538 pejus
355 1479 447 1544 :an
490 1460 696 1519 melius
731 1461 984 1527 verterit,
1031 1460 1271 1518 videbis.
1312 1460 1477 1524 Quod
1509 1461 1580 1518 ad
1617 1480 1705 1519 me
1752 1461 1978 1528 attinet,
2011 1455 2199 1535 placet

167 1554 270 1615 illa
294 1575 436 1615 cura
468 1575 582 1632 qua
609 1575 807 1615 versus
836 1575 946 1613 non
975 1556 1238 1613 invenire
1270 1555 1369 1613 sed
1394 1556 1693 1614 elaborare
1718 1574 1816 1614 eos
1838 1555 2015 1632 juvit.

251 1646 440 1717 Qua'm
488 1671 702 1729 paucos
740 1653 893 1711 enim
937 1658 1057 1709 tum
1110 1670 1405 1709 recensere
1449 1653 1634 1729 possis
1682 1652 1780 1728 qui
1821 1653 2039 1729 stylum
2085 1654 2194 1712 sibi

168 1747 467 1824 proprium
494 1755 595 1807 aut
621 1748 929 1806 habuerint
954 1748 1293 1806 anthabere
1344 1748 1573 1822 quidem
1607 1746 1926 1827 voluerint!
1987 1733 2202 1810 Omnes

169 1842 290 1902 fere
330 1844 387 1902 in
414 1842 679 1921 linguam
714 1862 775 1902 se
814 1848 1156 1902 convertunt
1203 1862 1270 1899 ac
1303 1843 1410 1900 sibi
1446 1844 1738 1919 propriam
1773 1843 2034 1916 faciunt,
2071 1864 2202 1922 quae

171 1939 432 1998 omnium
458 1918 577 2007 est,
604 1959 674 2020 ea
714 1958 852 1997 vero
899 1959 970 1997 ex
1019 1938 1224 2015 quibus
1258 1938 1447 2014 stylus
1486 1939 1738 1997 efficitur
1777 1940 1987 2016 cuique
2030 1943 2193 2013 suuS,

171 2035 478 2095 verborum
496 2035 804 2109 juncturas
825 2035 1182 2112 figurasque,
1212 2033 1404 2093 nullas
1430 2035 1540 2092 nisi
1566 2053 1900 2094 communes
1926 2046 2197 2113 quaerunt

170 2131 263 2190 vel
295 2131 468 2191 etiam
503 2139 722 2209 optant.

250 2226 326 2285 Hi
375 2227 501 2304 pari
539 2225 746 2300 *labore
791 2233 847 2286 et
888 2226 1111 2305 linguae
1144 2232 1200 2286 et
1247 2214 1400 2304 stylo
1455 2226 1863 2298 incubuerunt,
1910 2228 2197 2287 interdum

168 2323 437 2406 pessime,
472 2322 757 2397 >laudandi
776 2329 968 2381 tamen
992 2324 1089 2400 qui
1122 2323 1194 2381 ab
1220 2321 1323 2380 illa
1346 2322 1592 2381 taediosa
1615 2322 1896 2401 facilitate
1912 2329 1996 2383 tot
2018 2326 2198 2404 scrip-

170 2428 363 2477 torum
387 2416 548 2477 illius
575 2419 849 2495 temporis
875 2417 1121 2477 feliciter
1147 2418 1519 2477 abhorreant.

1178 2654 1203 2677 ἡ

256 2881 370 2942 Sed
384 2882 512 2960 jam
544 2883 618 2941 ad
660 2882 926 2960 exempla
958 2883 1207 2941 veniam.
1242 2882 1419 2953 Satis,
1451 2884 1510 2941 ni
1552 2876 2055 2960 fallor‚.quantum
2091 2884 2224 2942 sibi.

175 2978 442 3038 difficiles
462 2979 697 3050 fuerint,
727 2987 962 3038 monent
983 2978 1238 3055 epitheta
1259 2979 1408 3055 ipsa,
1431 2998 1673 3055 quorum
1703 2979 1982 3038 nonnulla
2007 2979 2204 3039 felicia

176 3082 233 3134 et
262 3073 474 3153 figuris
497 3075 773 3146 illustria,
802 3094 1090 3153 perpauca
1116 3075 1287 3133 obvia
1311 3094 1379 3134 ac
1405 3075 1770 3153 pervulgata.

223 3289 279 3368 (1)
301 3321 367 3360 Cf.
385 3322 525 3360 carol.
544 3323 669 3360 Font.
690 3331 700 3358 τ
723 3323 870 3365 (Erot.
891 3331 930 3368 p.
952 3323 1030 3365 106)

446 3403 526 3440 Les
547 3403 758 3440 Francois
781 3403 1085 3448 aujourd’huy
1107 3404 1305 3440 eorivent

448 3462 506 3498 De
524 3461 644 3498 leurs
661 3469 846 3498 amours
863 3462 900 3498 si
915 3462 1186 3519 doctement.

346 3541 502 3579 Franc.
526 3542 754 3579 Tartaret.:
775 3542 854 3586 (10.
877 3540 958 3586 103)

453 3623 515 3660 ΤΒ,
535 3623 642 3667 lym,
665 3625 797 3668 Amy,
821 3624 897 3669 qui
925 3632 1039 3661 nous
1062 3623 1244 3675 produit

451 3682 569 3718 ‘rous
589 3683 652 3719 les
668 3683 795 3727 Jours
810 3684 998 3729 quelque
1014 3682 1141 3719 docte
1159 3682 1269 3719 fruit

453 3742 511 3779 De
529 3743 657 3788 rag-on
684 3750 767 3778 non
786 3743 1092 3780 accontumee.
