2508 4212
1188 308 1453 359 ,22-

304 442 617 502 voluntatis
665 462 839 520 quam
868 443 1107 520 judicii,
1160 450 1224 500 ut
1274 443 1596 502 orationem
1646 444 1905 502 numeris
1954 445 2336 521 astringeret,

303 539 735 616 luminibusque
773 547 830 597 et
868 539 1109 597 fioribus
1151 547 1568 616 conspergeret
1601 541 1715 618 (1),
1754 540 1938 598 nimia
1973 541 2152 599 verba
2176 542 2336 610 fecit,

303 638 362 694 in
381 636 826 713 simplicissimis
852 637 1138 713 superbus
1163 656 1232 694 ac
1257 656 1413 714 saepe
1440 637 1674 713 putidus
1693 637 1805 714 (2).
2271 632 2273 635 ’

386 740 600 798 Melius
643 759 879 816 operam
934 739 1187 798 dedisset
1230 747 1294 799 ut
1341 741 1581 799 mendas
1624 760 1655 799 e
1701 739 1900 800 libello
1953 740 2182 800 tolleret
2226 742 2339 819 (3),

306 837 518 912 quibus
567 855 683 894 non
741 836 931 895 solum
989 837 1281 895 sententia
1339 837 1439 895 sed
1493 838 1621 915 ipsa
1674 857 1868 896 rerum
1931 837 2071 897 fides
2125 837 2346 905 adulte·

310 938 496 990 ratur.
529 933 617 1007 (4)

388 1035 538 1099 Quid
564 1035 906 1112 plura,cum
923 1037 1050 1113 jam
1077 1043 1303 1094 constet
1319 1050 1451 1095 eum
1481 1037 1538 1094 in
1563 1061 1590 1090 «
1620 1035 1863 1113 operula
1892 1037 2348 1096 »concinnanda

307 1132 546 1190 omnino
593 1138 650 1190 et
680 1131 1018 1209 diligentiae
1050 1139 1106 1191 et
1147 1134 1391 1210 tempori
1425 1133 1788 1210 pepercisse?
1815 1133 1972 1192 Satis
2005 1134 2116 1192 erit
2157 1133 2344 1205 nobie,

307 1227 356 1285 si
396 1229 647 1287 crimina
683 1230 1126 1299 contumeliosa,
1181 1230 1391 1307 quibus
1438 1250 1572 1289 reus
1622 1237 1817 1290 noster
1873 1237 2182 1290 accusatus
2235 1237 2346 1302 est,

306 1322 678 1405 diluerimus

1354 1534 1384 1560 ἦε

392 1661 668 1736 Attamen
709 1677 781 1735 ad
822 1677 963 1754 jura
1008 1676 1236 1735 redibat
1283 1676 1355 1734 ab
1379 1676 1524 1753 'ipso
1574 1695 1727 1734 anno
1769 1695 1981 1735 Mnfflx.
2038 1676 2355 1756 Testantur

311 1774 399 1833 illi
429 1794 629 1833 versus
664 1793 809 1852 quos
839 1798 865 1828 «
893 1774 1120 1832 ociosus
1163 1774 1220 1831 in
1254 1774 1381 1832 ocio
1411 1797 1437 1826 »
1470 1774 1540 1831 de
1577 1773 1925 1832 haereditate
1966 1768 2358 1868 meditabatPr

364 1975 417 2026 (1)
450 1974 628 2027 Saepius
670 1985 815 2031 graeca
866 1975 1007 2032 verba
1055 1946 1251 2026 usurpat

312 2060 438 2112 (pag.
475 2057 544 2110 34)
570 2051 773 2116 προςὸρᾷύ
807 2058 932 2110 (pag.
963 2056 1044 2105 41).

366 2138 424 2191 (2)
449 2139 586 2180 Hunc
610 2139 824 2181 locumssv.
853 2151 898 2191 g.
935 2150 1172 2191 excerpere
1195 2139 1360 2180 liceat:

367 2213 680 2255 Fustallerius
706 2215 938 2256 scribebat
960 2216 1082 2267 (pag.
1105 2215 1208 2267 v111)
1231 2226 1241 2254 ε

367 2319 455 2359 Sed
500 2322 542 2360 et
591 2319 638 2360 in
689 2320 1137 2365 Commentariorum
1186 2332 1295 2372 prae·

313 2385 539 2427 dlctorum
567 2387 760 2428 lectione
788 2388 981 2428 ulterius
1022 2399 1296 2440 progressus

314 2453 361 2492 in
403 2454 571 2494 calcem
617 2455 801 2506 septimi
839 2455 1105 2504 voluminis,
1145 2455 1296 2507 Matis-

316 2521 459 2569 conis‚
490 2524 540 2561 ut
579 2523 857 2563 recentiores
901 2522 1095 2571 codices,
1123 2524 1220 2563 sive
1251 2527 1299 2563 ut

314 2586 495 2640 antiqui
542 2589 822 2641 Matissauae,
857 2602 947 2642 quo
988 2603 1042 2631 ex
1081 2590 1299 2632 Cabilone

316 2666 401 2706 pro
430 2668 478 2697 re
506 2657 809 2698 frumentaria
827 2659 879 2706 Q.
904 2658 1170 2699 Ciceronem
1195 2657 1299 2697 mis-

318 2733 421 2762 sum
449 2725 635 2775 asserit,
655 2725 1106 2766 desideratissimum
1134 2735 1297 2765 nomen

319 2788 523 2837 offendi;
581 2795 793 2844 certeque
837 2796 988 2832 certus
1047 2792 1298 2832 indicarem

321 2869 419 2899 eam
437 2869 538 2899 esse
565 2858 883 2908 Matissanam,
906 2871 1042 2911 quam
1061 2859 1301 2899 immutato

321 2939 348 2967 a
387 2926 629 2966 neotericis
673 2926 912 2970 vocabulo.
962 2931 1011 2966 ut
1060 2921 1166 2966 aliis
1212 2926 1303 2978 ple-

323 2994 481 3046 risque
537 2993 703 3042 evenit,
761 2991 1065 3036 Matiscone'm
1121 2996 1301 3042 vocant,

324 3070 459 3111 quam
488 3061 700 3101 Cabiloni
726 3061 923 3101 vicinam
953 3067 997 3103 et
1021 3061 1078 3102 ad
1120 3061 1302 3102 Ararim

325 3127 372 3167 in
401 3129 578 3172 Heduis
599 3129 734 3170 sitam
760 3130 883 3171 dicit.

1289 1984 1299 2014 :
1335 1985 1582 2030 μνημοσυνα,
1635 1976 1759 2029 (pag.
1796 1975 1854 2028 8),
1891 1965 2020 2031 ἁγίαν
2070 1945 2358 2032 προσκόῥιδῆν

1439 2215 1710 2268 Bugnonius
1725 2215 1848 2270 (pag.
1880 2217 1945 2268 VI)
1969 2228 1978 2256 :

1437 2306 1488 2345 In
1523 2305 1958 2346 commentariorum
2001 2304 2215 2351 extremis
2262 2314 2361 2356 pro-

1388 2384 1591 2425 gressus,
1613 2374 1751 2426 inque
1769 2374 1869 2426 ipsa
1899 2372 2151 2413 voluminis
2177 2369 2361 2423 septimi

1387 2442 1618 2489 coronide,
1634 2441 1898 2481 Matisconae
1917 2440 2120 2480 civitatis
2145 2442 2196 2479 ut
2214 2430 2347 2479 recen

1387 2510 1529 2549 tiores
1567 2508 1773 2557 Codices,
1801 2520 1881 2549 seu
1915 2511 1964 2548 ut
1991 2507 2168 2559 antiqui
2209 2505 2364 2546 Matis-

1390 2588 1512 2617 sanae
1545 2577 1635 2630 quo
1666 2589 1719 2617 ex
1746 2577 1973 2618 Cabilloni
2005 2576 2142 2623 Quin.
2161 2574 2362 2615 Tullium
2385 2589 2388 2592 ·

1388 2644 1667 2692 Ciceronem,
1698 2648 1741 2685 et
1763 2645 1817 2684 P.
1848 2638 2098 2697 'Sulpitium
2120 2643 2163 2683 in
2188 2638 2366 2682 Heduis

1389 2712 1446 2752 ad
1465 2713 1640 2753 Ararim
1662 2712 1724 2752 rei
1747 2711 2060 2751 frumentariae
2076 2721 2215 2751 causa
2231 2707 2367 2749 collo-

1391 2784 1515 2819 catos
1560 2780 1726 2820 asserit
1768 2779 1880 2819 mihi
1927 2777 2147 2832 perquam
2184 2780 2364 2828 gratum

1391 2859 1556 2887 nomen
1583 2846 1767 2895 offendi,
1794 2845 1914 2887 certo
1935 2846 2195 2897 certiusque
2219 2842 2349 2894 suspi

1392 2916 1520 2961 cione
1543 2914 1743 2967 quadam
1782 2925 1882 2954 eam
1911 2923 2013 2954 esse
2052 2911 2367 2961 Matissanam,

1393 2994 1531 3035 quam
1564 2995 1590 3022 a
1622 2980 1874 3022 neotericis.
1903 2979 2146 3025 vocabum,
2178 2981 2226 3018 ut
2261 2975 2368 3018 aliis

1394 3050 1627 3103 plerisque
1656 3061 1744 3089 usu
1763 3048 1905 3096 venit,
1930 3046 2224 3088 Matisconem
2252 3044 2371 3085 voci-

1398 3119 1534 3157 tatam
1556 3127 1674 3169 saepe
1693 3116 1846 3164 audio,
1870 3125 2100 3167 quamque
2115 3112 2370 3164 proximam
2421 3140 2424 3145 .

1394 3194 1447 3224 ac
1474 3183 1673 3224 vicinam
1720 3181 1966 3229 Cabilloni,
2006 3185 2048 3220 et
2086 3178 2281 3220 fertilem
2320 3189 2372 3218 ac

1397 3251 1583 3291 uberem
1605 3251 1762 3304 glebae.
1775 3245 2372 3301 vineisque-abundantem,

1397 3322 1534 3370 atque
1568 3316 1692 3358 omui
1729 3329 1880 3358 rerum
1910 3314 2042 3368 copia
2078 3314 2276 3354 maxime
2301 3323 2376 3352 re·

1397 3385 1576 3435 sertam,
1602 3384 2005 3426 laboriosi-incolae
2040 3382 2265 3423 veraciter
2288 3390 2376 3420 me-

1400 3458 1599 3494 morant.

387 3574 444 3624 (3)
476 3573 623 3616 Unam
657 3574 834 3614 severis
857 3573 1011 3618 verbis
1039 3573 1134 3625 jam
1159 3572 1523 3625 reprehendebat
1543 3568 1791 3611 Guicheno.

387 3651 442 3702 (4)
483 3649 555 3690 δίο
582 3648 1324 3702 pag.xv11:Rachildeni‚lege
1365 3648 1678 3693 Rachi3ldem
1706 3655 1813 3696 pag.
1860 3651 1976 3682 xxxx
2015 3638 2256 3682 :Fanum
2279 3633 2377 3685 lege

334 3718 517 3757 Janum
545 3717 609 3769 (id
634 3720 738 3757 est:
769 3718 1087 3767 Johannem);
1118 3727 1222 3767 pag.
1252 3726 1392 3755 x1.1v:
1428 3714 1608 3755 Uliicus
1634 3712 1970 3752 Gaulseranus
1999 3705 2168 3759 patri...
2191 3710 2376 3743 succes·

340 3785 418 3832 sit,
437 3784 575 3835 lege:
605 3785 921 3835 Gaulserano,
953 3786 1055 3835 etc„
1080 3786 1165 3824 etc.
1195 3781 1321 3834 (Vid.
1344 3793 1446 3835 pag.
1475 3792 1535 3829 ιι,
1561 3792 1640 3830 xv,
1663 3788 1825 3827 xxxv1,
1849 3775 1927 3817 ubi
1956 3770 2172 3828 propria
2188 3767 2380 3811 nomina

342 3855 557 3905 corrupta
587 3853 730 3902 sunt).
