2508 4212
1228 294 1492 344 —14-

420 432 834 510 HieronmeS,
874 437 1045 488 natus
1080 429 1382 487 undecimo
1407 429 1500 487 die
1524 431 1656 506 jun.
1696 448 2079 490 01010Lxx1111.

420 530 760 598 Camarina,
799 534 938 586 nata
971 527 1064 584 die
1090 545 1240 584 nono
1257 527 1388 603 jan.
1418 545 1782 585 CIOIOLXXIH.

417 626 730 694 AntoniuS,
772 630 941 681 natus
970 623 1155 699 primo
1182 622 1274 680 die
1291 621 1407 698 jul.
1439 641 1732 682 cmmnxx.

419 725 708 789 Suzanna,
751 726 888 778 nata
919 727 1125 778 octavo
1152 719 1377 778 decimo
1410 720 1503 778 die
1524 719 1668 797 Apr.
1708 739 2028 780 CIOIOLXIX.

417 818 747 886 EdoarduS,
781 822 951 874 natus
982 816 1256 874 vicesimo
1282 815 1374 874 die
1391 815 1520 893 jan.
1553 835 1919 877 cIOlovam.

414 913 550 972 Noli
584 920 776 971 tamen
804 912 1036 970 credere
1071 913 1162 969 his
1210 912 1545 988 catalogum
1578 913 1868 972 concludi.
1902 914 2168 972 Primum
2218 915 2372 974 enim

335 1011 394 1068 in
436 1011 731 1068 semiustis
781 1010 1028 1086 regestis
1062 1015 1146 1067 tot
1179 1010 1532 1085 paginarum
1567 1009 1902 1086 fragmenta
1927 1011 2135 1069 desunt
2168 1018 2253 1082 ut,
2281 1012 2370 1072 vel

334 1107 484 1183 quod
540 1106 615 1164 ad
655 1107 758 1164 hos
804 1125 989 1164 annos
1032 1106 1261 1174 attinet,
1317 1106 1511 1165 forsan
1572 1105 1786 1183 aliquis
1821 1113 1993 1166 natus
2034 1126 2139 1166 nos
2164 1107 2366 1179 lateat,

333 1204 546 1280 saepius
573 1205 723 1262 inter
748 1203 894 1261 duos
919 1203 1249 1261 intermisso
1274 1214 1534 1280 tempore
1550 1203 1774 1262 idoneo.
1808 1205 2052 1281 Insuper
2075 1224 2187 1263 non
2214 1206 2372 1265 ultra

328 1318 547 1358 annum
572 1318 910 1358 ctolovam
949 1318 1073 1358 rem
1101 1299 1479 1376 investigare,
1519 1289 2366 1374 deficientibusinstrumentis,

330 1397 474 1453 mihi
521 1395 706 1454 licuit.
736 1397 916 1454 ⁴Pono
957 1395 1207 1464 nullum,
1237 1396 1483 1472 jubente
1531 1398 1657 1473 ipsa
1698 1404 1931 1465 natura,
1984 1403 2114 1474 post
2153 1398 2370 1475 primos

330 1511 560 1551 menses
615 1494 754 1550 anni
793 1511 1109 1551 ommnxvn
1160 1492 1323 1550 nasci
1364 1492 1640 1570 potuisse.
1704 1492 1816 1551 Sed
1866 1512 2059 1552 nonne
2113 1494 2367 1572 aliquem

330 1608 521 1647 annus
547 1607 838 1647 CIOIOLXVI
856 1589 1120 1666 protulit,
1152 1590 1240 1667 cuj
1254 1609 1318 1647 us
1347 1596 1582 1666 regesta
1608 1589 1864 1667 periere?
1899 1590 2051 1655 Quid
2077 1591 2270 1650 dicam
2299 1592 2368 1673 de

334 1691 605 1744 anteacto
644 1692 922 1763 tempore,
968 1705 1101 1745 cum
1153 1705 1359 1763 parum
1400 1687 1751 1745 credendum
1786 1688 1862 1745 sit
1909 1687 2167 1756 domum,
2206 1695 2368 1747 tanta

332 1783 593 1842 ubertate
647 1782 900 1852 felicem,
946 1783 1206 1841 sterilem
1246 1802 1453 1841 novem
1503 1802 1687 1842 annos
1745 1790 1874 1860 post
1920 1786 2154 1862 nuptias
2186 1805 2363 1844 man-

329 1879 517 1938 sisse?
559 1880 726 1944 Quod
754 1880 803 1938 si
839 1891 1071 1957 regesta
1115 1880 1237 1939 fere
1277 1879 1477 1938 omnia
1509 1881 1740 1951 desunt,
1785 1887 2040 1940 attamen
2074 1901 2176 1960 pro
2208 1889 2366 1942 certo

324 1977 607 2035 habemus
624 1977 1002 2053 Bugnon'ium
1030 1983 1166 2035 nato
1192 1996 1306 2035 non
1335 1976 1513 2036 semel
1537 1983 1771 2036 auctum
1807 1997 1952 2037 esse.

400 2074 599 2133 Unum
645 2074 875 2145 saltem,
922 2074 1154 2132 nomine
1184 2072 1597 2146 philibertum,
1627 2095 1698 2133 ex
1735 2081 2103 2145 testamentO,
2141 2076 2211 2135 de
2252 2097 2365 2153 quo

324 2171 479 2229 intra
519 2177 750 2249 agetur,
786 2172 878 2229 his
913 2171 1084 2229 annis
1123 2178 1325 2231 natum
1368 2191 1495 2231 esse
1528 2178 1885 2250 compertum
1914 2173 2218 2232 habemus,
2251 2174 2362 2240 Qui

325 2268 557 2344 quidem
594 2270 716 2345 ipse
748 2287 901 2326 anno
942 2267 1255 2327 millesimo
1289 2269 1759 2345 quingentesimo
1776 2269 2132 2346 octogesimo
2162 2276 2366 2329 octavo

326 2384 507 2423 annos
533 2365 764 2424 circiter
790 2365 999 2441 viginti
1028 2384 1087 2424 se
1114 2374 1315 2424 natum
1346 2364 1638 2440 declarat3
1670 2365 1822 2424 unde
1843 2371 2059 2424 temere
2076 2367 2365 2444 suspicari

324 2463 511 2539 possis
550 2481 683 2520 eum
716 2480 1053 2521 CIOIOLXVIH
1096 2468 1297 2522 natum
1343 2482 1490 2522 esse.
1533 2462 1646 2529 Sed
1705 2481 1793 2521 res
1858 2463 1984 2540 ipsa
2026 2470 2222 2522 monet
2263 2469 2366 2524 aut

323 2559 576 2616 scribam
618 2564 721 2618 aut
767 2559 959 2635 ipsum
1000 2558 1391 2618 Philibertum
1446 2559 1757 2628 erravisse,
1814 2577 1945 2617 cum
1993 2559 2354 2631 Edoardum,

323 2675 437 2714 non
491 2655 883 2715 Philibertum
939 2674 1007 2714 eo
1056 2657 1180 2733 ipso
1227 2675 1382 2715 anno
1439 2657 1795 2734 baptizatum
1842 2675 1969 2715 esse
2020 2656 2356 2716 viderimus

323 2753 621 2810 Libentius
647 2753 831 2829 igitur
855 2752 1088 2811 credam
1114 2772 1246 2812 eum
1280 2772 1433 2811 anno
1466 2771 1764 2819 01010va1
1801 2753 1859 2810 in
1892 2752 2082 2811 lucem
2109 2752 2356 2811 venisse.

403 2849 698 2926 Quidquid
722 2849 780 2906 id
805 2855 912 2919 est,
950 2869 1022 2908 ex
1047 2851 1316 2909 omnibus
1344 2849 1485 2921 illis,
1508 2855 1682 2909 antea
1697 2849 1870 2918 natiS,
1894 2867 2044 2908 unus
2062 2847 2162 2907 ille
2183 2847 2364 2908 Phili-

321 2946 517 3006 bertus
559 2945 869 3024 superfuit,
905 2947 1004 3023 qui
1043 2965 1199 3006 anno
1232 2965 1657 3008 CIDIOLXXXVIH
1696 2946 1766 3006 de
1817 2946 1998 3024 patris
2032 2945 2359 3005 hereditate

320 3044 464 3119 egit.

1331 3183 1361 3210 ζ·

1298 3221 1391 3250 *¹*

400 3341 570 3399 Anno
590 3360 859 3400 cisionvn
888 3347 1241 3420 ἐρωτάσματα
1262 3341 1463 3416 (liceat
1480 3361 1677 3419 graece
1693 3342 1942 3400 scribere
1969 3360 2181 3400 nomen
2201 3339 2356 3418 quod

319 3456 431 3496 non
458 3457 687 3514 graecae,
719 3438 924 3508 fateor,
957 3439 1056 3497 sed
1083 3439 1265 3498 multo
1287 3440 1477 3498 minus
1505 3437 1947 3516 francogallicae
1967 3437 2191 3514 linguae
2219 3442 2354 3510 est),

317 3535 469 3612 apud
494 3534 528 3592 J
534 3554 779 3595 oannem
814 3535 1126 3613 Temporal
1145 3535 1348 3607 edidit,
1372 3536 1442 3595 de
1468 3537 1678 3614 quibus
1697 3536 1853 3594 infra
1879 3535 2020 3594 satis
2046 3534 2353 3594 disseram.

315 3630 677 3709 Insequentis
727 3650 863 3691 vero
905 3632 1122 3692 mensis
1163 3633 1485 3692 decembris
1532 3634 1626 3693 die
1675 3632 1953 3692 vicesimo
1993 3630 2239 3710 cupidus
2297 3630 2357 3688 in

314 3746 636 3787 sermonem
671 3729 970 3788 hominum
998 3730 1290 3799 veniendi,
1322 3731 1643 3790 orationem
1684 3730 1889 3789 habuit
1929 3727 2245 3788 solemnem
2296 3726 2355 3785 in
