2508 4212
1251 325 1510 377 ,48-

354 481 555 522 corum
619 460 852 539 quidem
914 466 1002 519 est
1071 460 1259 519 civem
1314 459 1406 520 vel
1460 459 1779 522 debitorem
1826 462 1959 523 duci
2025 484 2061 522 a
2108 464 2393 524 creditore

335 579 472 642 *non
530 561 588 616 in
632 559 950 616 servitium.
1001 557 1101 615 sed
1148 557 1208 614 in
1241 556 1610 633 ergastulum
1657 566 1713 618 et
1759 561 2188 619 carnificinam.
2240 561 2395 630 Nam

361 682 386 711 «
411 658 460 714 si
478 656 588 733 ipsi
606 643 863 713 Romani
891 653 1206 730 aliquando
1224 655 1540 713 audierunt
1580 675 1780 715 vocem
1815 658 2179 718 tribunitiam
2212 659 2282 716 de
2312 657 2395 716 le-

356 754 544 812 vando
599 753 841 820 foenore,
901 769 1009 809 nec
1061 751 1255 809 addici
1311 770 1656 828 quemquam
1721 754 1907 813 civem
1955 773 2261 814 romanum
2322 755 2395 813 ob

352 850 632 908 creditam
690 847 996 923 pecuniam
1046 849 1203 925 passi
1250 854 1387 906 sunt
1435 872 1488 918 »‚
1542 873 1568 902 «
1622 848 1872 909 liberum
1948 870 2160 928 corpus
2235 849 2396 910 Galli

353 945 577 1023 quoque
646 963 880 1002 servare
953 945 1161 1003 debent
1232 945 1383 1022 quod
1461 965 1534 1003 ne
1611 947 1843 1022 quidem
1911 967 2167 1026 unquam
2216 966 2395 1008 nervo

351 1044 613 1102 debetur.
651 1065 676 1094 »
716 1043 802 1116 (l)

432 1147 543 1205 Sed
578 1147 884 1203 hactenus·
918 1142 1074 1201 Satis
1100 1142 1256 1200 enim
1281 1161 1352 1199 ex
1386 1143 1480 1202 his
1506 1163 1639 1222 quae
1674 1144 1978 1205 attulimus
2006 1140 2254 1226 perspici
2294 1169 2395 1227 po-

349 1245 506 1314 terit,
536 1261 711 1320 quam
744 1245 964 1300 attento
986 1246 1272 1315 acutoque
1299 1239 1467 1298 oculo
1483 1248 1539 1299 et
1563 1242 1734 1300 firmo
1758 1243 2034 1320 justoque
2063 1245 2259 1304 animo
2276 1247 2395 1306 Bu-

349 1340 602 1419 gnonius
621 1358 713 1397 res
731 1337 1068 1396 hominesve
1089 1335 1282 1394 aetatis
1315 1356 1438 1395 suae
1477 1339 1827 1415 spectaverit
1874 1347 1930 1397 et
1985 1340 2388 1402 aestimaverit.

433 1446 638 1521 Longe
681 1449 875 1501 tamen
906 1441 1070 1499 nobis
1097 1440 1212 1499 alia
1238 1460 1400 1500 mens
1433 1450 1520 1500 est
1541 1462 1610 1501 ac
1643 1444 2059 1504 contendamus
2083 1465 2216 1504 eum
2249 1447 2394 1506 haec

349 1542 547 1600 omnia
567 1547 623 1599 et
662 1541 973 1598 innumera
1005 1537 1124 1596 alia
1149 1557 1221 1596 ex
1271 1556 1376 1597 suo
1401 1538 1558 1598 fonte
1604 1540 1894 1599 hausisse.
1933 1540 2073 1599 Alia
2111 1544 2264 1601 enim
2299 1543 2396 1602 lex

349 1640 479 1717 ipsa
518 1637 723 1696 suadet
763 1654 938 1713 quam
1002 1635 1440 1694 commentariis
1490 1635 1750 1695 illustrat
1794 1635 1899 1716 (2),
1951 1638 2092 1708 alia,
2133 1639 2207 1697 ab
2253 1640 2395 1718 ipsis

352 1737 521 1794 rebus
566 1740 726 1802 nata,
751 1739 936 1792 totuin
978 1731 1123 1790 illud
1164 1731 1440 1790 saeculum
1484 1733 1761 1791 unanimo
1809 1733 2048 1810 planctu
2095 1743 2393 1812 precatum

347 1842 457 1892 est.
494 1833 629 1892 Sive
661 1832 815 1889 enim
845 1829 976 1887 illos
1011 1828 1398 1905 magistratus
1432 1831 1529 1905 qui
1574 1829 1646 1887 ad
1688 1829 2107 1907 rempublicam
2139 1838 2291 1891 totos
2332 1853 2395 1892 se

286 1948 289 1949 ’
346 1928 744 1997 contulerunt,
790 1928 911 1984 sive
958 1926 1191 1984 turbam
1232 1924 1714 2003 jurisperitorum
1764 1929 1861 2003 qui
1909 1928 1980 1986 de
2025 1927 2256 2005 legibus
2303 1931 2394 1989 vel

347 2026 581 2103 gallicis
616 2025 706 2082 vel
733 2023 990 2081 romanis
1023 2023 1403 2099 scripserunt,
1444 2024 1567 2081 sive
1599 2023 2035 2084 multitudinem
2064 2024 2394 2103 legatorum

345 2124 443 2200 qui
490 2129 593 2180 aut
640 2122 701 2179 in
751 2119 1034 2188 conciliis,
1082 2126 1204 2188 aut,
1254 2126 1564 2196 antequam
1614 2121 1864 2179 concilia
1910 2121 2287 2192 haberentur,
2331 2126 2390 2183 in

344 2220 569 2297 oppidis
612 2219 735 2277 suis
774 2219 846 2276 de
894 2218 1068 2275 rebus
1116 2216 1361 2292 publicis
1407 2217 1755 2286 retulerunt,
1810 2218 2175 2296 Hospitalem
2226 2220 2386 2292 hine,

343 2316 508 2375 illinc
531 2315 879 2374 Molinaeum
904 2313 1312 2390 Rubysiumve
1346 2313 1578 2382 audias,
1640 2332 1819 2372 unam
1845 2333 2043 2373 vocem
2091 2317 2298 2376 audias
2336 2325 2393 2377 et

344 2433 474 2472 eam
501 2413 734 2489 quidem
754 2430 884 2488 quae
909 2411 981 2468 ab
1007 2410 1226 2486 insigni
1255 2409 1608 2468 cancellario
1642 2411 1900 2488 profecta
1945 2431 2048 2489 per
2102 2412 2390 2491 reliquum

343 2510 623 2570 saeculum
664 2527 936 2567 resonare
962 2507 1253 2565 videatur.

426 2616 621 2674 Poetae
653 2614 788 2691 ipsi,
820 2633 890 2671 ne
916 2612 1207 2671 communi
1237 2610 1413 2669 saluti
1442 2612 1727 2682 deessent,
1760 2631 1875 2670 non
1901 2613 2126 2673 minore
2159 2615 2390 2691 quidem

341 2712 617 2770 felicitate
667 2730 843 2787 quam
891 2709 1106 2778 studio,
1150 2708 1364 2785 saepius
1412 2708 1482 2766 de
1526 2709 1696 2767 rebus
1737 2708 1985 2789 publicis
2026 2710 2385 2772 cecinerunt.

340 2810 483 2874 Quis
553 2808 849 2867 Ronsardi
901 2805 1221 2883 praeclaras
1294 2806 1367 2862 ad
1427 2824 1626 2882 regem
1684 2807 1978 2865 orationes
2024 2826 2139 2866 non
2200 2810 2383 2878 novit,

342 2907 550 2982 quibus
590 2904 883 2963 innumeri
923 2902 1158 2972 Bellaii,
1190 2901 1457 2960 Fabride
1473 2902 1746 2972 Boderia,
1771 2903 2074 2975 Fraxinei,
2104 2905 2384 2978 Pibracii‚

340 3002 571 3072 Costaei,
609 3000 904 3070 Verderii,
952 3000 1274 3068 immensae,
1307 3003 1372 3056 ut
1412 2998 1573 3056 brevi
1612 2999 1954 3075 praecidam,
1993 3000 2387 3063 multitudinis

339 3118 544 3157 versus
586 3098 836 3156 addendi
877 3104 1032 3165 sunt,
1073 3096 1283 3172 quossi
1319 3095 1448 3171 quis
1473 3114 1774 3155 recensere
1801 3097 1959 3170 velit,
1991 3099 2230 3158 nomina
2258 3118 2384 3158 om-

340 3197 500 3253 nium
528 3195 707 3273 hujus
732 3195 927 3253 aetatis
961 3200 1162 3251 vatum
1188 3191 1396 3265 afferre
1429 3192 1658 3251 debeat.
1693 3191 1775 3272 (3)

417 3301 685 3359 Ceterum
724 3299 1075 3376 Bugnonius
1131 3298 1241 3355 sibi
1287 3316 1402 3355 non
1435 3302 1663 3356 tantum
1698 3299 1876 3357 sumit
1912 3304 1977 3358 ut
2027 3318 2182 3359 nova
2214 3301 2383 3360 inau-

335 3397 571 3474 ditaque
597 3399 787 3456 dicere
815 3416 875 3455 se
901 3394 1234 3464 contendat,
1265 3394 1365 3453 sed
1393 3399 1621 3464 contra,
1655 3414 1757 3472 pro
1791 3401 1958 3455 sueta
1983 3396 2273 3474 probitate
2313 3397 2383 3457 de

393 3623 452 3674 (1›
483 3623 549 3664 Ib.
576 3625 666 3665 328.
697 3626 767 3664 (Is.
804 3624 899 3664 53:18.

392 3700 451 3748 (2)
482 3700 632 3738 stloul.
660 3699 699 3741 3,
721 3699 787 3747 84,
818 3700 883 3742 91¹).
905 3698 970 3738 717.

394 3774 448 3822 (3)
480 3770 592 3812 Vide
613 3773 761 3813 Catal.
791 3774 892 3811 Bib.
928 3773 1034 3811 Nat.
1063 3771 1099 3816 I,
1130 3770 1327 3823 passim.
