2508 4212
1173 347 1437 404 -24—
1507 374 1511 379 ·

305 493 598 560 nuntiant,
657 506 880 547 necnon
930 492 1255 545 monstrant
1301 489 1610 564 quomodo,
1671 491 1879 566 quibus
1921 490 2224 568 magistris
2279 491 2338 550 in

305 590 514 649 studiis
529 586 804 663 juridicis
839 583 1029 659 magis
1054 603 1124 641 ac
1150 576 1442 661 magis‘sit
1465 604 1834 663 progressus,
1869 589 1958 662 (1)
2220 659 2223 661 ,

384 685 493 742 Sed
530 684 648 756 jam
681 701 772 751 ea,
802 697 931 756 quae
969 704 995 732 «
1035 699 1148 737 non
1185 680 1460 758 vulg-aria
1482 684 1539 740 in
1569 683 1897 765 Pandectas
1915 685 2070 760 ju'ris
2097 684 2338 743 medita-

301 782 474 839 batur
514 786 570 838 et
609 778 862 855 quotidie
910 779 1155 857 parabat
1184 801 1209 830 »
1263 778 1338 835 ad
1371 780 1591 837 exitum
1646 799 1821 858 prope
1873 781 2347 853 adducebantur,

301 885 379 946 et,
444 877 604 934 feriis
663 863 966 935 Natalium
1023 894 1176 934 anno
1226 875 1461 939 Domini
1524 895 1798 941 cimonxn
1847 879 1998 938 notis
2055 878 2336 950 collectis,
2393 931 2396 934 ,

301 981 619 1032 extremam
688 963 927 1032 manum
982 972 1317 1049 imponebat
1378 973 1538 1049 operi
1601 974 1706 1052 (2),
1777 975 1926 1050 quod
1992 974 2159 1034 initio
2201 977 2340 1034 anni

263 1116 268 1120 .
301 1069 702 1145 CIOIOLX111(3)
735 1070 795 1127 in
821 1069 1010 1128 lucem
1048 1069 1226 1136 venit,
1258 1069 1415 1146 apud
1446 1068 1901 1129 Bartolomaeum
1933 1070 2143 1129 Molin.
2276 1066 2278 1069 ’

381 1166 560 1243 Cujus
607 1167 797 1243 operis
839 1167 1157 1234 aestimare,
1195 1165 1288 1223 vel
1328 1165 1503 1223 etiam
1546 1165 1841 1243 explicare
1885 1168 2189 1226 materiam
2233 1168 2343 1227 etsi

302 1281 496 1320 rerum
524 1263 782 1339 ipsarum
812 1269 1023 1322 natura
1048 1281 1141 1321 me
1167 1267 1344 1332 vetat,
1369 1251 1484 1321 non
1509 1268 1740 1339 possum
1775 1269 1968 1327 tamen
1995 1263 2342 1341 quin-libelli

300 1360 441 1423 rari,
481 1378 653 1435 quem
710 1359 1112 1418 benevolentia
1160 1358 1307 1416 civis
1355 1359 1806 1418 Matisconensis
1854 1367 2083 1418 nomine
2139 1362 2344 1420 Protat

300 1458 716 1533 antiquitatum
750 1446 998 1516 'suarum
1047 1455 1437 1515 amantissimi
1464 1456 1917 1534 peritissimique
1967 1459 2023 1516 in
2073 1459 2342 1518 manibus

300 1553 511 1621 habui,
547 1553 799 1611 formam
825 1552 1030 1612 saltem
1057 1552 1398 1611 brevissime
1417 1552 1870 1630 ·describam(4).

379 1650 639 1708 Tantum
665 1650 830 1727 abest
873 1657 934 1708 ut
969 1648 1412 1707 notissimarum
1443 1648 1765 1707 editionum
1799 1669 1932 1726 quae
1966 1656 2166 1728 postea
2191 1651 2344 1710 datae

299 1748 539 1806 fuerunt
580 1743 1027 1823 amplitudinem
1055 1746 1331 1822 attingat,
1376 1763 1490 1802 non
1519 1744 1670 1804 ultra
1698 1752 1930 1805 centum
1956 1754 2012 1804 et
2043 1747 2343 1806 duodecim

300 1831 549 1921 paginas
594 1844 952 1920 productior,
991 1844 1049 1900 in
1091 1842 1348 1919 gratiam
1372 1841 1810 1919 discipulorum,
1841 1848 1906 1902 ut
1937 1844 2184 1921 scriptor
2220 1844 2342 1922 ipse

300 1947 494 2000 mouet
515 1938 620 2015 (5),
650 1940 946 2013 collectUS,
978 1938 1127 1997 nihil
1142 1937 1302 1998 aliud
1328 1944 1417 1998 est
1442 1938 1553 1998 nisi
1573 1939 1964 2010 Euchiridion
1983 1941 2137 2018 quod
2155 1942 2342 2001 nostri

284 2035 574 2096 ⁴manuale
599 2043 831 2096 vocant.
904 2026 908 2031 ’
1400 2044 1403 2047 “

349 2287 405 2341 (1)
446 2286 674 2329 Nonnulla
696 2287 763 2328 ·in
795 2288 1033 2328 Zoannetti
1075 2298 1210 2340 opere
1242 2299 1402 2350 eorum
1442 2299 1541 2340 quae
1578 2288 1647 2329 de·
1675 2287 2027 2340 magistratibus
2063 2288 2340 2343 legibusque

294 2354 610 2404 reformandis
635 2354 904 2405 Bugnonius
930 2354 1157 2406 posterius
1179 2355 1323 2397 sensit
1344 2355 1485 2407 legas.

349 2451 405 2503 (2)
428 2452 692 2504 Reprenant
719 2450 785 2491 les
821 2461 947 2491 arres
975 2449 1029 2491 de
1070 2461 1177 2492 mon
1203 2451 1375 2502 estude‚
1401 2451 1647 2503 Monsieur‚
1677 2463 1760 2505 par
1795 2453 1998 2494 maniere
2031 2454 2087 2495 de
2111 2453 2271 2506 plaisir
2297 2459 2342 2496 et

294 2518 516 2559 honneste
552 2518 843 2570 occupation,
873 2517 1008 2559 feries
1044 2517 1125 2558 des
1161 2518 1298 2559 festes
1334 2519 1464 2567 Noel,
1485 2518 1696 2572 j’ay‘mis
1720 2520 1748 2561 a
1769 2522 1874 2572 part
1897 2530 1952 2561 en
1977 2532 2027 2562 ce
2048 2520 2248 2572 volume,
2274 2521 2341 2563 les

294 2584 379 2626 lois
403 2584 623 2626 inusitees
646 2595 703 2626 en
729 2595 784 2629 ce⁴
808 2588 1029 2636 royaume
1053 2585 1108 2626 de
1134 2585 1326 2633 France,
1351 2585 1590 2636 lesquelles
1625 2587 1819 2628 estoient
1843 2597 1951 2628 sans
1977 2587 2110 2642 ordre
2130 2598 2343 2640 esparses

292 2662 376 2704 par
395 2663 491 2692 mes
515 2651 653 2694 livres
678 2656 790 2701 caet
806 2652 864 2702 la,
888 2662 1063 2692 comme
1089 2651 1155 2693 les
1178 2652 1378 2694 feuillets
1400 2653 1479 2693 des
1499 2653 1702 2705 sibylles.
1725 2654 1761 2694 A
1787 2653 2129 2708 Monseigneur,
2152 2655 2341 2698 maistre

292 2719 317 2758 J
322 2729 407 2759 ean
423 2718 638 2764 Pom-nel,
657 2718 823 2760 second
844 2718 1078 2771 president
1096 2731 1156 2760 au
1174 2719 1431 2772 parlement
1450 2720 1505 2762 de
1522 2720 1788 2763 Dombes....
1806 2750 1816 2761 .
1842 2722 1982 2774 Lyon,
2004 2720 2030 2763 5
2046 2720 2231 2774 janvier
2242 2721 2317 2765 156

295 2785 432 2838 (1563)
460 2786 597 2838 (Loix
626 2788 771 2832 abr...
798 2786 873 2827 ed.
904 2788 1069 2839 prima,
1099 2787 1240 2838 inin).
2267 2791 2271 2795 '

346 2883 402 2935 (3)
443 2883 652 2936 Epistola
687 2884 1028 2936 nuncupatoria
1063 2883 1173 2926 data
1209 2888 1277 2947 est
1315 2884 1389 2926 die
1429 2886 1590 2937 quinto
1617 2885 1716 2938 jan.
1749 2885 1847 2927 1562
1879 2887 2030 2939 (leget
2074 2886 2190 2940 1563,
2229 2898 2339 2931 nam

317 2950 533 2991 tiamtum
556 2950 835 3003 principium
865 2951 976 2991 anni
998 2950 1070 2991 die
1093 2951 1379 2992 Pascharurn
1416 2951 1709 3005 ponebatur).
2390 2959 2393 2961 ’

347 3048 403 3099 (4)
428 3047 499 3089 cr.
525 3047 624 3087 Bu).
653 3048 764 3088 Nat.
799 3048 847 3088 F.
874 3047 998 3090 2622.

346 3135 405 3186 (5)
423 3135 665 3175 Juvahunt
688 3136 757 3176 illi
775 3135 959 3188 quidem
985 3137 1265 3179 lectissimos
1288 3149 1560 3179 caussarum
1579 3131 1814 3191 patrono&
1834 3142 1877 3180 et
1894 3140 2172 3193 conspicuos
2188 3141 2340 3184 Juris-

295 3202 549 3255 prudentiae
578 3202 865 3250 candidatos,
897 3205 975 3256 qui
1002 3204 1185 3257 legibus
1212 3200 1408 3258 praxim,
1429 3217 1520 3257 qua
1548 3204 1687 3246 rudes
1709 3217 1761 3246 ac
1785 3205 1992 3258 hospites
2017 3207 2162 3248 olima
2182 3208 2343 3251 floren-

295 3268 493 3308 tissimis
534 3269 735 3310 scientiae
771 3270 893 3322 juris
937 3272 1215 3319 Academiis‚
1268 3272 1323 3313 ad
1376 3284 1488 3313 suos
1519 3271 1641 3313 lares
1688 3272 1913 3321 redibant,
1942 3286 2063 3315 nunc
2094 3274 2343 3329 adjungere

299 3339 530 3388 poterunt,
571 3340 614 3376 et
650 3339 956 3390 promptiores
999 3339 1102 3380 ideo
1141 3338 1275 3392 longe
1315 3339 1429 3387 fieri,
1465 3339 1522 3380 ad
1551 3332 1892 3382 controversias
1932 3342 2133 3392 agendas
2176 3354 2344 3396 easque

297 3403 438 3454 probe
469 3403 770 3453 dirimendas,
790 3405 913 3458 apud
939 3406 1139 3458 quodvis
1163 3406 1384 3447 tribunal.
1406 3407 1509 3448 Non
1535 3407 1701 3448 minori
1724 3419 1909 3460 ,quoque
1930 3408 2345 3460 adjumentorernnt

299 3471 563 3510 bominibus
617 3472 1003 3524 impeditissimis,
1038 3476 1080 3515 et
1108 3474 1282 3526 quibus
1307 3473 1430 3516 haud
1481 3475 1585 3516 licet
1631 3487 1713 3527 per
1740 3477 2078 3528 occupationes,
2116 3476 2342 3517 infinitam

297 3536 518 3577 librorum
551 3539 881 3590 supellectilem
913 3540 1073 3582 sedulo
1102 3541 1339 3583 revolvere
1365 3554 1373 3581 :
1396 3542 1651 3594 ingeniosis
1681 3543 2059 3595 pariter,quibus‚
2080 3555 2172 3596 prae
2200 3543 2342 3602 nimia

296 3608 509 3655 egestate.
563 3616 651 3645 non
709 3608 911 3659 suppetit
961 3608 1218 3649 exuberans
1254 3608 1478 3656 librorum
1503 3613 1671 3649 nostrae
1707 3609 2009 3662 professionis
2034 3611 2198 3664 copia:
2227 3609 2342 3650 desi·

298 3669 435 3710 dibus
466 3682 519 3711 ac
563 3670 724 3723 pigris,
755 3674 925 3725 quibus
971 3686 1095 3715 mors
1136 3678 1205 3715 est
1241 3675 1313 3715 vel
1340 3675 1618 3727 gravissima
1661 3676 1843 3716 crambe
1871 3677 2030 3717 -musis
2071 3688 2152 3730 per
2182 3677 2340 3718 horam

296 3737 535 3784 inservire.
574 3738 692 3779 intra
723 3751 861 3791 quam
892 3745 1042 3782 tamen
1076 3741 1210 3783 hocce
1247 3743 1519 3795 opusculum
1549 3754 1576 3783 a
1604 3745 1752 3795 capite
1783 3742 1840 3784 ad
1891 3743 2075 3794 calcem,
2106 3747 2156 3784 ut
2194 3744 2342 3794 aiunt,

299 3805 525 3856 perlegere
556 3805 668 3846 nihil
701 3808 786 3847 erit
817 3807 1018 3848 difficile.
