2508 4212
1073 386 1131 392 -
1171 360 1324 435 03¹...

277 489 365 553 Re
392 507 530 547 vera
575 487 753 546 multo
801 490 989 567 magis
1038 491 1241 566 gloriae
1276 512 1445 568 quam
1474 500 1726 570 quaestus
1762 514 1954 551 amore
1986 493 2220 552 ductum

54 573 58 576 ’
193 603 320 648 esse
345 585 742 663 ssugnonium‚
795 603 1121 660 quanquam
1158 597 1412 662 angusta
1447 609 1536 647 res
1569 591 1740 647 aliter
1773 591 2074 657 suadebat,
2113 604 2223 647 tes-

125 671 129 676 ’
168 751 170 754 y
193 689 391 745 tantur
417 687 496 738 tot
522 699 697 756 opera
722 699 853 755 quae
898 688 1107 738 natura
1138 701 1242 739 sua
1269 683 1415 741 nihil
1455 693 1682 760 praeter
1706 684 1908 747 laudes
1933 686 2226 743 existima-

189 776 520 851 tionemque
576 774 864 852 publicam
922 776 975 834 ei
1025 778 1335 836 conciliare
1382 770 1664 855 poterant.
1720 781 2006 848 Profect0‚
2066 781 2226 839 brevi

193 870 555 941 nobilitatuS‚
586 871 645 928 in
672 877 977 948 conspectu
1000 872 1108 930 fuit
1134 875 1412 932 omnium.
1445 876 1624 935 Mitto¹
1641 877 1867 952 quidem
1895 896 1993 935 eos
2028 896 2227 935 versus

74 1031 79 1038 ,
163 969 399 1058 quibus
453 967 769 1043 ignobiles
802 967 1102 1026 sodalesve
1178 977 1360 1045 poetae
1424 972 1633 1030 Petrus
1682 973 1961 1049 Gyrodet‚
2020 974 2228 1031 Petrus

190 1064 428 1133 Costau,
478 1063 829 1122 Franciscus
885 1064 1178 1131 Tartaret‚
1237 1065 1537 1124 Johaunes
1607 1067 1830 1136 Aliam,
1910 1068 2228 1127 Gratianus

45 1238 51 1247 „
113 1214 118 1220 .
190 1160 494 1230 Chandon,
543 1159 893 1218 Guillelmus
948 1160 1018 1218 de
1072 1161 1131 1217 la
1179 1161 1590 1238 Tayssoniere‚
1655 1164 1896 1222 Carolus
1944 1165 2231 1223 Fontaine

191 1255 433 1333 aliique,
466 1273 624 1314 more
649 1255 775 1332 ejus
827 1257 1103 1332 temporis
1151 1258 1563 1316 lt'rotasmata
1606 1260 1789 1318 nostri
1823 1261 2230 1318 commendare

57 1327 62 1331 ‘
115 1368 117 1370 ·
193 1352 505 1422 ¹volue'runt
538 1351 646 1428 (1).
692 1352 843 1416 Quid
880 1350 1035 1410 enim
1076 1352 1146 1410 de
1192 1353 1284 1411 his
1331 1355 1685 1413 carminibus
1732 1357 2095 1414 sentiendum
2130 1357 2225 1425 sit,

191 1449 334 1508 satis
383 1448 538 1506 infra
600 1447 943 1506 videbimus.
999 1447 1108 1505 Sed
1166 1455 1223 1506 et
1270 1448 1421 1507 alius
1465 1452 1696 1526 generis
1745 1470 1921 1528 opera
1960 1471 1997 1509 a
2035 1456 2230 1510 nostro
2284 1451 2288 1455 ’

176 1545 407 1621 'scripta
441 1543 552 1600 viri
580 1562 693 1601 non
727 1544 955 1600 minimi
990 1544 1258 1619 ponderis
1285 1543 1552 1604 laudibus
1587 1547 1818 1623 magnis
1843 1554 2224 1606 ornaverunt.

190 1639 323 1698 Scio
355 1639 620 1716 equidem
647 1639 924 1709 eruditos,
956 1647 1019 1697 ut
1051 1659 1192 1697 mos
1209 1649 1356 1710 erat,
1387 1660 1499 1699 non
1541 1644 1776 1718 parcius
1808 1643 1994 1720 poetis
2026 1643 2229 1701 lauda-

193 1736 363 1805 visse,
402 1734 504 1795 sed
536 1736 617 1792 ita
652 1735 818 1812 pleno
843 1754 961 1801 ore,
1001 1742 1063 1794 ut
1096 1737 1312 1813 saepius
1336 1737 1534 1795 diVina
1559 1737 1884 1798 salutarent
1915 1758 2046 1816 quae
2065 1740 2230 1848 nobis

191 1831 510 1892 mediocria
541 1838 643 1889 aut
669 1831 920 1908 pessima
944 1850 1068 1890 esse
1093 1831 1265 1890 hodie
1290 1832 1578 1892 videntur.

272 1929 393 1986 Imo
431 1935 789 2004 compertum
840 1927 1023 1986 habeo
1059 1928 1245 2003 ipsum
1287 1929 1667 2004 Bugnonium
1714 1949 1827 1988 non
1875 1930 2229 1991 abstinuisse

191 2024 332 2102 quin
360 2029 676 2092 ἐπαινετικά,
721 2024 769 2080 si
802 2024 975 2080 amici
1025 2022 1357 2092 deficerent,
1395 2044 1430 2082 a
1469 2044 1531 2084 se
1568 2025 1706 2084 ficta
1746 2026 2007 2103 falsoque
2046 2027 2225 2105 hujus

186 2116 294 2180 'aut
319 2118 479 2178 illius
513 2119 731 2178 nomini
780 2119 1013 2177 addicta
1044 2120 1276 2195 scriptis
1308 2121 1430 2179 suis
1481 2128 1863 2198 praeponeret.
1913 2122 2106 2181 Testis
2139 2131 2227 2182 est

189 2215 488 2293 exemplar
534 2215 825 2292 quoddam
885 2216 1417 2289 (Commentaires
1457 2235 1577 2276 sur
1627 2220 1716 2278 les
1766 2219 2225 2279 Ordonnances

192 2314 267 2372 de
291 2312 613 2386 Moulins).
645 2310 781 2369 olim
818 2312 874 2369 in
909 2310 1257 2370 bibliotheca
1282 2313 1581 2372 Francisci
1609 2314 1992 2392 Meyssonerii
2025 2316 2226 2374 Matis-

189 2408 480 2478 'conensis‚
552 2418 715 2466 vnunc
772 2409 831 2465 in
885 2407 1432 2485 Gratianopolitana
1503 2409 1869 2470 Bibliotheca
1927 2415 2222 2471 servatum

191 2504 323 2579 (sub
372 2510 511 2563 nota
554 2504 625 2562 F.
684 2503 927 2579 11930).
980 2505 1170 2580 Cujus
1225 2506 1281 2562 in
1326 2504 1526 2564 limine
1573 2506 1788 2583 legitur
1818 2507 2218 2584 Epigramma,

191 2600 338 2676 quod
403 2599 746 2676 Bugnonius
818 2598 976 2657 illius
1030 2601 1416 2678 Meyssonerii
1472 2620 1598 2660 esse
1669 2602 1859 2660 finxit.
1929 2602 2040 2661 Sed
2102 2604 2224 2681 ipse

188 2695 651 2774 MeyssoneriuS‚
690 2696 1013 2755 emendatis
1041 2697 1337 2756 nonnullis
1364 2698 1647 2766 versibus,
1680 2699 1738 2756 in
1773 2699 1974 2757 eadem
2008 2701 2227 2777 pagina

95 2781 101 2786 ’
191 2791 304 2852 hac
330 2799 467 2851 nota
491 2792 775 2850 infitiatus
807 2798 894 2850 est
931 2810 943 2850 ε
975 2812 1005 2849 ((
1040 2793 1109 2850 Je
1135 2793 1460 2851 desadvoue
1493 2800 1615 2852 cest
1637 2795 2017 2871 epig-ramme,
2046 2814 2147 2853 car
2163 2795 2227 2872 je

191 2906 264 2948 ne
305 2887 360 2947 le
382 2887 454 2947 fis
476 2906 695 2964 onques
729 2906 808 2965 ny
836 2906 905 2946 ne
953 2887 1004 2946 le
1055 2888 1322 2946 voudrois
1379 2889 1543 2946 avoir
1591 2889 1750 2948 faict.
1797 2925 1874 2932 —
1914 2890 2087 2949 1567.
2119 2891 2221 2948 Fr.

191 2985 564 3062 Mayssonier
590 2983 699 3061 (2).
736 3007 762 3036 »

198 3132 201 3135 .
269 3079 372 3138 Bis
398 3080 583 3157 igitur
609 3086 760 3138 erret
795 3079 892 3155 qui
919 3085 1131 3138 temere
1164 3080 1361 3138 credat
1386 3080 1556 3138 istius
1586 3081 1739 3138 modi
1767 3080 2062 3139 laudibus

196 3190 198 3193 ’
272 3174 409 3235 Noli
435 3183 630 3234 tamen
648 3176 877 3252 opinari
903 3170 1099 3234 emnia
1117 3175 1511 3234 commentitia
1526 3194 1672 3234 esse.
1697 3176 1862 3240 Quod
1884 3184 1945 3235 ut
1965 3177 2221 3254 probem,

193 3291 374 3350 unum
446 3272 686 3331 afferam
734 3273 870 3331 Joh.
939 3273 1219 3331 Duretum
1278 3271 1679 3330 Molinensem.
1740 3273 1947 3349 Longa
1993 3275 2224 3351 quidem

193 3369 616 3428 necessitudine
671 3369 822 3428 inter
867 3388 926 3426 se
982 3369 1234 3426 Duretus
1295 3369 1756 3444 Bugnoniusque
1801 3370 1979 3427 vincti
2032 3382 2220 3440 erant,

193 3465 362 3543 cujus
401 3464 677 3523 amicitiae
723 3470 925 3523 auctor
964 3464 1310 3539 Bugnonius
1359 3464 1570 3533 fuerat,
1622 3483 1753 3521 nam
1789 3466 1835 3522 si
1873 3466 2087 3523 Dureto
2113 3467 2224 3543 ipsi

245 3662 306 3712 (1)
327 3661 381 3702 V.
409 3662 648 3702 Erotasm.
675 3673 718 3714 p.
750 3661 935 3701 102-109.

246 3727 303 3777 (2)
332 3729 399 3769 Ne
435 3729 576 3769 nimio
618 3729 808 3769 crimine
847 3729 1073 3769 obnoxius
1106 3728 1165 3768 sit
1205 3731 1374 3775 noster,
1415 3727 1709 3768 recordabere
1745 3731 1788 3768 et
1831 3729 2214 3770 Bai-tholomaeum

195 3793 396 3834 Anulum
425 3794 482 3835 ad
500 3806 548 3835 se
572 3806 735 3836 versus
752 3794 1060 3846 composuisse
1079 3794 1248 3845 quibus
1271 3794 1479 3834 F'outanii
1498 3805 1660 3835 nomen
1679 3794 2012 3847 inscripsit.(V.
2033 3795 2094 3835 du
2106 3795 2204 3836 Bell

196 3858 297 3901 Let.
325 3860 470 3907 inem,
491 3859 586 3911 88.)
