2508 4212
1179 318 1343 370 „42
1426 350 1443 357 ,,

294 455 643 533 fragmentis
677 456 803 532 loco
835 457 1006 532 pretii
1048 455 1323 532 praestitis
1347 454 1674 530 comparari
1701 455 1812 531 (l),
1852 476 1882 512 »
1921 455 2031 514 Sed
2057 457 2181 533 jam
2219 475 2331 532 quo

295 555 507 612 damno
539 554 799 612 omnium
833 553 1021 610 virtus
1056 558 1182 629 post
1223 571 1490 610 nummos
1519 558 1816 628 quaeratur
1843 553 2037 612 sciunt
2066 578 2092 608 «
2122 555 2334 614 Galliae
2367 627 2370 630 .

295 650 637 708 devastatae.
669 673 695 702 »
730 650 818 726 (2)
846 650 1023 719 Nam,
1059 648 1365 726 stipendiis
1405 648 1686 718 destituti,
1718 667 1851 726 quae
1885 649 2112 725 publice
2153 651 2336 727 digna

295 753 468 823 atque
508 747 718 804 idonea
766 746 1025 804 obtinere
1071 746 1366 815 deberent,
1409 745 1663 822 judiceS,
1696 765 1839 821 quos
1879 745 2133 805 Pericles
2179 748 2333 824 apud
2411 819 2414 822 ι

292 844 561 903 Marcum
589 843 851 902 Tullium
877 861 992 901 non
1013 841 1201 901 solum
1221 861 1426 900 manus
1446 842 1544 900 sed
1571 842 1746 901 etiam
1765 842 1964 902 oculos
1983 844 2336 904 abstinentes

293 939 510 998 habere
534 939 740 997 debere
766 939 1016 1009 dicebat,
1038 938 1452 1016 recuperandae
1471 940 1737 1016 pecuniae
1765 959 1944 999 causa
1963 959 2136 1016 quam
2151 940 2335 1019 largi-¹

293 1036 546 1093 tionibus
638 1035 1169 1112 ambitionibusque
1262 1043 1772 1112 consumpserunt,
1838 1037 2090 1113 acceptis
2166 1037 2336 1095 donis

294 1132 680 1209 pecuniaque,
751 1133 939 1210 pretio
986 1134 1152 1210 jura,
1229 1151 1340 1209 quo
1404 1131 1552 1190 nihil
1604 1133 1863 1210 iniquius
1919 1133 2338 1212 indigniusque

294 1247 422 1287 esse
471 1235 679 1305 potest,
710 1229 1069 1288 describunt.

377 1326 441 1383 In
470 1331 634 1384 tanta
682 1344 910 1385 morum
951 1326 1285 1404 corruptela
1318 1345 1432 1384 non
1463 1331 1655 1403 potest
1681 1320 1819 1403 quin
1862 1332 2093 1386 moveat
2129 1332 2341 1385 stom-a-

295 1422 469 1480 chum
518 1430 574 1481 et
618 1428 807 1480 atram
848 1421 1024 1481 bilem
1057 1423 1147 1497 (3)
1180 1429 1236 1481 et
1275 1422 1335 1480 in
1383 1423 1535 1480 hanc
1562 1422 1890 1482 officiorum
1923 1408 2336 1493 mercaturam,

293 1521 553 1578 omnium
608 1545 634 1574 «
693 1520 1058 1596 flagitiorum
1084 1519 1436 1597 principium
1473 1538 1542 1578 ac
1573 1520 1741 1579 finem
1778 1521 1988 1579 iterum
2013 1522 2340 1596 iterumque

291 1617 606 1676 invehatur
634 1618 745 1694 (4).
799 1641 825 1670 »
856 1617 1028 1675 Vana
1055 1618 1336 1694 irritaque
1368 1617 1576 1675 cadent
1618 1619 1838 1682 omnia,
1877 1637 2008 1695 quae
2042 1617 2342 1694 corrigere

293 1714 569 1786 tentabis,
601 1713 760 1772 velut
785 1715 834 1772 si
861 1714 992 1790 quis
1020 1733 1172 1790 aqua
1209 1733 1311 1772 vas
1339 1719 1635 1791 pertusum
1670 1714 1912 1791 implere
1946 1715 2198 1782 studeat,
2229 1711 2341 1771 nisi

293 1818 430 1870 ante
463 1811 660 1869 omnia
708 1811 942 1870 sublata
979 1811 1091 1869 erit
1129 1810 1225 1869 lex
1257 1811 1779 1888 perniciosissima,
1827 1811 2114 1888 abrogata
2161 1828 2335 1887 saepe,

296 1908 508 1986 saepius
530 1927 638 1967 usu
663 1915 719 1967 et
751 1927 910 1966 more
937 1908 1229 1976 restituta,
1268 1927 1384 1985 qua
1416 1909 1804 1985 magistratus
1839 1914 2165 1968 veneuntet
2191 1925 2342 1966 ven-

303 2005 804 2064 duntur.Frustra
815 2005 1042 2084 judices
1066 2030 1091 2059 «
1123 2005 1382 2064 actiones
1401 2011 1604 2063 contra
1623 2006 1777 2082 ipsos
1795 2006 2082 2064 intentare
2100 2003 2344 2087 volenti-

298 2086 404 2161 bus
426 2103 772 2180 respondere
797 2102 1043 2161 debeant
1066 2126 1119 2172 »,
1157 2104 1182 2156 ‹'‹
1212 2102 1540 2178 damnaque
1566 2103 1961 2179 improborum
1979 2103 2343 2181 judiciorum

294 2202 366 2260 de
400 2220 505 2259 suo
547 2200 785 2259 oblaesis
819 2200 1126 2258 restituere
1160 2198 1584 2276 compellantur
1626 2220 1682 2270 »,
1729 2199 1810 2277 (5)
1854 2207 2079 2277 oportet
2112 2201 2343 2278 quanti-

297 2298 500 2375 quanti
520 2317 623 2356 rex
649 2303 944 2374 acceptam
966 2297 1273 2373 pecuniam
1298 2295 1487 2354 solvat
1519 2302 1575 2354 et
1592 2315 1834 2372 pravam
1865 2297 2341 2356 consuetudinem

298 2397 526 2473 penitus
544 2400 788 2464 evertat,
819 2412 933 2470 qua
960 2394 1018 2451 in
1046 2393 1226 2451 curiis
1261 2399 1588 2469 senatuque
1610 2394 1887 2470 praesides
1906 2393 2343 2470 consiliariique

295 2498 592 2562 creantur,
616 2492 804 2568 iisque
831 2491 1163 2549 succeditur
1197 2490 1309 2567 (6).
1861 2493 1863 2495 ’

380 2589 490 2649 Sed
527 2608 639 2647 non
663 2589 832 2647 modo
870 2588 939 2646 de
975 2588 1065 2645 his
1097 2588 1290 2655 rebuS,
1322 2606 1451 2663 quae
1474 2594 1610 2645 ante
1642 2587 1840 2645 oculos
1867 2587 2127 2663 quotidie
2150 2605 2341 2644 versa-

298 2687 536 2757 bantur,
571 2685 920 2762 Bugnonius
973 2703 1168 2743 secum
1203 2684 1508 2759 cogitavit,
1547 2689 1606 2742 at
1629 2691 1835 2743 contra
1862 2683 2014 2742 unde
2039 2691 2122 2741 tot
2146 2683 2342 2743 clades

302 2802 721 2859 aerumnaeque,
751 2782 961 2859 quibus
992 2780 1094 2839 illa
1125 2786 1269 2840 aetas
1296 2780 1603 2847 laboravit,
1635 2780 2037 2849 defluxissent,
2076 2763 2345 2857 quaesivit

300 2888 357 2940 et
386 2881 442 2938 in
469 2877 1024 2938 summaintellexit.

387 2978 670 3036 Neutram
703 2976 856 3033 enim
885 2975 1124 3034 illarum
1162 2981 1455 3034 sectarum
1519 2993 1662 3051 quas
1705 2974 1856 3033 inter
1901 2973 2100 3033 Gallia
2131 2973 2346 3033 dilace-

304 3075 543 3133 rabatur
562 3074 723 3149 sequi
743 3071 948 3130 voluit.
978 3072 1109 3130 Scio
1129 3072 1393 3147 equidem
1411 3071 1752 3130 Bullodium
1777 3090 1910 3129 eum
1935 3077 2149 3130 temere
2174 3089 2344 3130 accu-

306 3191 466 3230 sasse
514 3171 666 3247 quod
717 3188 779 3228 se
825 3188 1047 3246 suaque
1106 3168 1235 3227 labe
1299 3169 1566 3227 hereseos
1609 3168 1925 3227 infecisset.
1958 3167 2096 3227 Noli
2150 3173 2345 3226 tamen

306 3268 569 3326 oblivisci
619 3266 883 3325 eumdem
937 3265 1277 3324 Bullodium
1326 3264 1623 3323 societatis
1671 3265 1814 3323 Jesu
1863 3263 2121 3323 sodalem
2167 3264 2347 3322 fuisse

306 3383 690 3439 severumque
725 3364 985 3420 animum
1015 3381 1159 3439 erga
1193 3381 1391 3420 omues
1425 3363 1524 3438 qui
1563 3360 1652 3419 vel
1694 3361 1751 3418 in
1790 3361 2044 3419 minimis·
2090 3361 2147 3418 in
2173 3359 2346 3419 fidem

348 3510 403 3558 (ι)
425 3511 503 3553 111„
531 3519 572 3555 p.
604 3509 680 3545 345.

351 3573 405 3616 (2)
425 3572 510 3615 la,
531 3581 571 3617 p.
590 3574 623 3608 7.

351 3634 404 3674 (3)
428 3633 513 3676 10„
537 3642 577 3678 p.
604 3634 681 3669 3¹7.

349 3691 490 3737 (⁴)1b.
518 3701 561 3736 p.
593 3693 626 3727 7.

356 3751 409 3794 (5)
426 3751 489 3786 ΙΙ).
508 3759 550 3795 p.
573 3751 674 3792 9.1o‚
695 3751 774 3793 103,
794 3750 872 3791 221,
892 3748 970 3789 408,
993 3747 1149 3790 Μοιι1.,
1171 3748 1226 3783 93.

354 3811 408 3855 (6)
444 3810 550 3846 virle
567 3809 711 3846 Μοιιι.
736 3819 778 3855 ῐ).
810 3811 844 3852 6,
865 3810 918 3852 Η,
942 3808 999 3851 30,
1021 3809 1076 3850 42,
1103 3808 1160 3850 57,
1181 3807 1238 3849 58,
1265 3807 1320 3849 59,
1348 3807 1470 3843 Lotoe
1506 3805 1621 3848 abr„
1662 3805 1695 3846 4,
1729 3804 1807 3847 103,
1843 3803 1918 3847 105,
1954 3802 2035 3846 430,
2063 3801 2141 3846 446,
2166 3801 2244 3845 450,
2272 3800 2353 3838 489.

314 3868 453 3910 mois,
480 3867 608 3914 Pres,
635 3871 679 3905 et
696 3868 861 3914 passim
883 3876 892 3911 ;
911 3867 1140 3905 Hemonst.
1161 3874 1262 3903 aaa>
1279 3865 1456 3907 Εεταεε,
1474 3865 1507 3908 4,
1527 3864 1559 3904 5,
1579 3865 1677 3906 etc„
1706 3864 1791 3900 etc.
