2508 4212
1032 411 1096 421 -
1128 387 1230 435 ‘117
1262 372 1328 420 '-

360 640 451 688 v1.
485 666 540 674 —
573 639 931 688 VOCABULA
955 601 959 604 ⁴
979 614 1024 687 Ε
1079 640 1329 687 GRAECA
1379 606 1633 686 LINGUA
1672 598 1982 687 INDU⁶CTA

156 871 320 933 agate
344 869 458 933 (XI,
486 882 540 932 p.
567 869 652 933 15)
678 885 691 920 :

263 986 268 991 ’
451 1050 454 1052 -
587 979 644 1032 Si
666 979 873 1046 jamais
899 979 982 1030 fut
1010 979 1172 1046 loyal’
1198 982 1358 1044 agate
1384 980 1583 1031 aimee.

130 1061 163 1124 ’ζ
239 1064 448 1153 Gl‘aece
478 1093 504 1152 ζ’
526 1095 742 1173 ἀγαθός.

154 1204 161 1213 ·
233 1189 365 1255 Q-ua
386 1188 653 1247 libertate
680 1208 818 1247 usus
843 1189 919 1247 sit
943 1189 1002 1246 in
1032 1189 1219 1246 verbis
1244 1190 1460 1264 graecis
1487 1190 1829 1248 inducendis
1856 1190 1966 1248 hoc
1994 1209 2159 1247 exem

152 1284 311 1363 plum
343 1284 486 1343 satis
526 1290 739 1354 monet,
771 1284 829 1342 in
871 1303 982 1361 quo
1023 1283 1370 1342 vocabulum
1411 1305 1669 1361 graecum
1707 1281 1786 1344 ita
1810 1305 1944 1344 cum
1972 1284 2188 1362 gallico

154 1382 526 1460 conjunctum
559 1389 646 1440 est
675 1382 820 1440 utin
848 1400 1026 1440 unum
1051 1380 1339 1440 coaluisse
1369 1382 1695 1441 videantur.

155 1529 374 1578 antero!
398 1527 561 1595 (LIII,
582 1542 646 1592 p.
674 1528 763 1592 44)
790 1539 805 1580 t

587 1638 689 1700 Qui
719 1641 852 1689 veut
873 1637 1021 1703 joui'i·
1047 1637 1123 1688 du
1149 1638 1384 1702 Cyprien
1410 1639 1608 1703 plaisir

583 1719 709 1770 Doit
734 1719 943 1770 marlei·
968 1733 1043 1768 un
1070 1722 1283 1768 anterot
1309 1719 1462 1769 desii·

583 1801 791 1866 Aveoq’
816 1800 869 1851 la
899 1798 990 1865 foy
1015 1800 1083 1851 de
1111 1814 1174 1850 sa
1200 1802 1349 1851 toute
1376 1800 1704 1853 semblable.

234 1913 442 1973 G-raece
475 1915 718 1992 ἀντέρως.
751 1913 923 1989 Apud
958 1913 1333 1972 Ronsardum
1360 1914 1430 1973 de
1455 1913 1726 1991 Apolline
1755 1914 1992 1973 dicitur.

155 2059 455 2127 anthr-ope*
482 2060 691 2127 (XCIII,
717 2074 771 2124 p.
802 2058 890 2124 84)
918 2071 930 2112 2

451 2170 687 2236 Conquit
712 2169 1003 2221 l’honneur
1027 2183 1135 2234 que
1162 2173 1278 2220 tant
1307 2170 1614 2238 l'antlzrope
1639 2176 1859 2238 appete.

102 2300 104 2302 ’
197 2283 445 2343 .G1'.aece
501 2285 785 2361 ἄνθρωπος.

112 2430 116 2435 ’
153 2430 340 2497 apatie
362 2429 507 2491 (Ch.,
534 2444 595 2493 p.
628 2430 711 2488 50)
741 2441 754 2482 2

684 2539 830 2589 Mais
855 2538 962 2590 elle
986 2542 1070 2589 est
1099 2552 1170 2588 en
1200 2539 1404 2605 apatie,

682 2621 750 2671 Et
775 2634 844 2670 ne
871 2621 1079 2672 souss're
1105 2621 1355 2684 passion.

234 2734 440 2794 Graece
489 2737 759 2792 ἀπάθειαε
797 2733 946 2810 quod
996 2734 1247 2810 primum
1303 2754 1337 2791 a
1394 2734 1652 2793 Charron
1708 2736 2009 2795 inductum
2058 2756 2183 2795 esse

156 2830 392 2904 putabat
431 2829 636 2889 Littre.
668 2829 780 2888 Sed
820 2830 875 2887 id
918 2830 1070 2906 apud
1112 2830 1212 2887 Fr.
1243 2830 1635 2889 Rabelaesium
1674 2832 2022 2915 Bugnonius
2055 2833 2182 2909 jam

52 2960 62 2974 ·
154 2926 352 3004 legere
383 2937 672 3004 potuerat.

155 3070 476 3122 athanatee*
501 3071 739 3133 (LXXV,
774 3085 824 3134 p.
853 3072 939 3133 67)
969 3088 980 3121 ;

486 3183 675 3234 Croiez
699 3174 830 3247 qu'il
856 3185 941 3233 est
966 3196 1034 3232 en
1062 3197 1191 3233 mon
1216 3182 1529 3233 athanatee.

172 3353 175 3357 ,
236 3295 440 3354 Graece
465 3297 723 3359 ἀθάνατος
748 3312 779 3352 e
798 3311 910 3369 quo
935 3295 1161 3370 proprie
1181 3296 1486 3353 atleanate
1501 3295 1828 3354 ducendum
1853 3296 2173 3361 videbatur.

110 3432 118 3440 -
156 3391 263 3450 Sed
301 3388 497 3448 confer
529 3390 676 3466 quod
700 3408 874 3466 supra
897 3389 1150 3447 diximus
1177 3390 1244 3447 de
1269 3390 1574 3466 adjectivis
1610 3392 1665 3447 in
1698 3389 1763 3450 e'e
1805 3392 2172 3454 exeuntibus.

108 3516 115 3524 ’
155 3540 327 3587 cestre
350 3537 436 3600 (C,
467 3550 520 3600 p,
547 3535 670 3598 88):

551 3646 654 3707 Qui
680 3646 748 3696 de
777 3646 1016 3697 douleur
1043 3647 1093 3697 le
1121 3650 1292 3694 cestre
1320 3646 1394 3695 lui
1420 3652 1682 3714 rapporle

149 3828 161 3839 ἱ
235 3759 443 3820 Graece
469 3775 481 3820 ξ
510 3763 723 3837 ’κέστρος
747 3756 833 3830 (Ξ
858 3757 1084 3834 telum),
