2508 4212
1135 320 1298 403 -37
1333 347 1399 396 .-

320 451 454 509 Jam
502 470 574 510 ex
622 451 739 510 illis
785 453 994 529 figuris
1050 454 1249 531 paucis
1282 453 1479 512 videre
1524 458 1706 529 poteS‚
1768 468 1883 509 non
1937 466 2033 507 eos
2074 446 2265 506 solum

238 564 375 605 usos
400 565 522 605 esse
546 546 618 605 iis
643 566 772 623 quae
797 549 857 606 in
883 555 1131 607 mentem
1179 556 1381 626 sponte
1414 549 1733 620 venissent,
1763 544 2049 612 sensibuS‚
2081 549 2144 602 ut
2182 543 2265 600 ita

238 644 448 713 dicam,
480 642 700 713 allatae,
737 643 833 702 sed
860 652 917 702 et
942 645 1011 702 iis
1037 663 1179 720 quas
1205 645 1330 703 sola
1355 663 1518 703 mens
1543 639 1951 720 excogitasset.

317 739 448 796 Non
483 739 701 796 minore
726 758 868 796 cura
890 740 1075 798 oratio
1101 747 1221 798 tota
1245 740 1543 798 elaborata
1582 748 1688 797 est.
1740 737 1912 796 Mitto
1958 735 2112 794 enim
2170 752 2268 792 eos

239 851 439 906 versus
470 833 540 891 de
565 833 772 910 quibus
788 834 917 910 jam
939 835 1057 911 egi.
1095 836 1244 900 Quid
1273 836 1365 893 his
1390 835 1654 893 felicius:

508 958 697 1018 DieuS‚
725 971 827 1022 par
853 957 1099 1023 lesquels
1125 934 1208 1008 les
1234 959 1434 1008 choses
1470 971 1531 1007 se
1556 952 1860 1008 coronnent

506 1041 654 1104 Ayez
679 1043 900 1103 respect
925 1041 953 1088 a
983 1053 1114 1089 mon
1136 1039 1284 1103 juste
1310 1039 1462 1089 desir
1486 1038 1736 1102 (XXVII,
1763 1052 1815 1102 p.
1843 1037 1950 1100 24).

225 1130 258 1176 f
308 1150 526 1208 Nonne
566 1150 778 1226 pressis
810 1149 925 1207 illis
974 1151 1163 1208 verbis
1205 1150 1386 1208 multa
1431 1155 1709 1226 teguntur
1749 1156 1804 1207 et
1829 1147 2054 1226 poetica
2084 1153 2272 1205 trans-

229 1243 459 1304 ·latione
505 1245 641 1322 quid
695 1247 754 1303 in
791 1246 975 1304 'rebus
1031 1246 1303 1304 humanis
1360 1247 1464 1315 dii,
1525 1246 1663 1322 quid
1712 1245 1976 1303 homines
2018 1261 2125 1320 pro
2163 1261 2269 1301 sua

241 1348 404 1419 parte
454 1342 676 1418 possint
701 1341 1111 1419 significatur?
1143 1343 1351 1400 Ausim
1384 1343 1575 1401 dicere
1607 1343 1884 1419 scripturn
1912 1359 1950 1398 a
1972 1347 2141 1418 poeta
2172 1357 2184 1398 :

608 1469 685 1517 Le
715 1466 931 1529 gelasin
958 1467 1028 1517 de
1051 1470 1109 1518 ta
1134 1468 1352 1518 bouche
1378 1469 1623 1531 poupine

606 1548 986 1599 Embelissant
1013 1553 1065 1599 ta
1088 1547 1208 1599 face.
1235 1549 1520 1599 cristaline

601 1629 762 1680 Brise
789 1643 917 1679 mon
945 1643 1071 1680 ame
1098 1634 1151 1680 et
1184 1630 1236 1679 la
1260 1629 1436 1693 prend
1464 1631 1496 1680 a
1521 1628 1774 1680 l'emblee
1802 1629 2012 1692 (XCVI,
2064 1643 2114 1692 p.
2163 1630 2265 1690 86).

314 1741 636 1819 Eleganter
668 1760 891 1818 quoque
936 1742 1006 1800 de
1046 1742 1406 1800 sermonibus
1431 1742 1641 1818 quibus
1683 1761 1747 1799 os
1790 1727 2100 1800 femineum
2142 1741 2269 1798 alas

237 1845 436 1905 addit:

733 1926 778 1976 O
804 1926 1019 1977 bouche
1049 1925 1242 1985 ronde‚
1272 1925 1436 1975 aelant
1462 1926 1821 1977 beninement

736 2010 935 2059 Doctes
962 2021 1166 2071 propos
1190 2007 1360 2069 (XIII,
1391 2022 1444 2070 p.
1478 2009 1579 2068 16).

319 2119 441 2178 Nec
468 2120 657 2177 minus
682 2119 752 2178 de
784 2118 1036 2178 stimulis
1069 2138 1212 2195 quos
1241 2138 1370 2196 spes
1404 2119 1686 2176 desiderio
1727 2120 1962 2194 adjicit:

540 2244 676 2305 Quel
703 2245 870 2294 cliaut
896 2244 1086 2307 espoir
1123 2244 1249 2307 plus
1287 2243 1393 2294 fort
1420 2244 1470 2294 le
1495 2258 1645 2295 coeur
1674 2245 1832 2308 epine

536 2326 613 2376 De
641 2325 794 2376 desir
830 2327 971 2387 (XII,
995 2340 1055 2389 p.
1093 2325 1219 2386 16).?

316 2450 424 2509 His
441 2449 824 2526 collectis(l)‚
856 2469 968 2509 non
1004 2470 1234 2527 possum
1257 2451 1466 2527 qninin
1491 2451 1596 2508 hoc
1617 2452 1843 2510 dicendi
1871 2454 2262 2529 gencrc,qnod

239 2547 298 2605 in
324 2545 492 2605 Saeva
524 2547 646 2624 ipso
662 2548 788 2623 jam
815 2546 986 2605 facile
1003 2565 1239 2623 carpere
1261 2548 1464 2623 possis,
1487 2546 1741 2623 aliquam
1764 2553 1954 2606 tamen
1991 2549 2262 2608 virtutem

235 2643 471 2702 credam
503 2643 706 2713 fuisse,
736 2662 867 2719 quae
901 2643 1077 2720 hujus
1118 2643 1349 2720 generis
1378 2644 1553 2700 verba
1591 2650 1836 2702 crearet.
1876 2645 2063 2702 Nemo
2106 2646 2261 2704 enim

234 2739 548 2817 Bugnonio
567 2739 915 2798 severiorem
938 2757 1007 2797 ac
1031 2740 1221 2815 magis
1240 2739 1464 2797 aridam
1491 2750 1548 2798 et
1571 2739 1642 2797 ab
1667 2738 1961 2816 elegantia
1979 2747 2260 2801 remotam

236 2842 485 2894 mentem
531 2854 566 2892 a
616 2842 825 2892 natura
889 2842 1213 2910 acceperat,
1273 2834 1366 2892 cui
1429 2835 1695 2911 jucunda
1764 2842 1948 2912 poetae
2030 2837 2262 2897 ubertas

235 2931 470 2989 omnino
531 2930 780 2989 defuisse
816 2930 1042 2988 videtur
1083 2930 1194 3006 (2).
1251 2930 1460 2988 Statim
1498 2939 1559 2990 ut
1599 2932 1671 2989 ad
1713 2951 1882 2990 suum
1923 2934 2258 3005 revertitur,

235 3027 319 3086 ita
357 3046 534 3104 prope
569 3026 777 3085 solutae
822 3026 1072 3084 orationi
1115 3026 1337 3084 accedit
1363 3033 1440 3084 'ut
1481 3028 1628 3085 nihil
1677 3029 1787 3086 nisi
1829 3031 2086 3088 numeris
2119 3032 2261 3108 ipsis

234 3130 318 3181 tot
353 3142 553 3182 versus
595 3141 739 3198 quos
779 3122 931 3181 fudit
955 3141 990 3179 a
1029 3123 1318 3180 communi
1355 3142 1617 3181 sermone
1656 3123 1930 3183 differant
1957 3126 2061 3200 (3).
2094 3127 2260 3192 Quod

233 3237 370 3278 vero
419 3219 515 3276 hic
563 3219 881 3294 genuinam
929 3237 996 3275 ac
1043 3224 1265 3276 suetam
1315 3218 1707 3278 infirmitatem
1759 3221 1918 3290 vicit,
1965 3222 2020 3279 id
2068 3223 2259 3282 Saevae

235 3314 627 3393 gratulemur.

268 3482 343 3534 ,(1)
371 3482 444 3524 Cf.
478 3496 486 3524 :
513 3481 721 3536 pat-sume
741 3481 994 3534 d'elegance
1038 3482 1231 3534 (Sixain,
1258 3495 1303 3535 p.
1328 3482 1426 3534 65);
1479 3484 1649 3535 gresler
1698 3484 1741 3524 la
1770 3484 1892 3536 pluie
1945 3484 1998 3525 de
2024 3496 2076 3525 sa
2104 3485 2260 3526 fureur

234 3548 501 3600 (XXXVIII,
530 3547 598 3601 31)
617 3560 627 3596 ;
647 3549 696 3589 le>
714 3548 892 3589 vouloir
916 3559 977 3589 au
1000 3560 1123 3590 coeur
1137 3549 1354 3592 enchasse
1371 3550 1501 3603 (Ep.,
1527 3562 1574 3602 p.
1604 3549 1672 3598 31)
1693 3563 1703 3598 3
1725 3551 1801 3591 oeil
1821 3551 2000 3594 cuisant
2019 3552 2073 3592 de
2093 3551 2258 3592 lar-mes

231 3614 637 3733 (ἲξνίἶῗῖζιοὶρείε
664 3682 793 3721 Erot.
814 3691 825 3720 :
850 3680 1005 3721 Priore
1034 3693 1060 3721 a
1088 3682 1133 3722 J.
1169 3682 1219 3723 C.
1243 3682 1323 3730 64;
1350 3681 1519 3731 Sixain‚
1551 3695 1594 3735 p.
1616 3683 1696 3730 463
1723 3683 1885 3735 Epigr.
1910 3696 1954 3736 p.
1980 3684 2046 3732 23,
2073 3683 2142 3732 52,
2169 3687 2257 3725 etc.

286 3747 343 3801 (3)
358 3747 490 3789 Absit
531 3749 684 3788 tamen
714 3746 883 3797 injuria
907 3747 965 3788 ab
999 3747 1082 3788 illa'
1105 3748 1275 3788 illustri
1307 3750 1546 3790 verborum
1589 3751 1902 3803 conjunctione
1942 3762 2034 3804 qua
2069 3750 2252 3803 primus

236 3824 351 3857 usus
367 3817 434 3855 est
460 3827 468 3855 :
498 3814 566 3855 les
593 3814 812 3857 vaincues
835 3813 1060 3857 d’amourl
1095 3815 1256 3866 (Loix.
1292 3817 1419 3866 abr„
1447 3829 1495 3870 p.
1519 3817 1628 3864 4533).
