2508 4212
999 381 1063 392 -
1088 351 1201 406 137
1222 380 1299 391 --

138 483 354 553 szltem
378 483 723 562 con-junctio‘
752 489 954 564 procul
992 490 1030 548 a'
1052 488 1295 549 membri
1321 488 1489 548 initio
1513 479 1797 568 rejicitur,
1843 488 1997 567 quod
2022 508 2155 548 cum

36 625 41 631 .
130 580 427 658 praedictis
458 582 926 659 conjungendum
955 591 1069 646 est.

329 729 529 780 Contre
556 729 640 780 les
664 731 841 781 Turcs
865 732 1175 783 et‘adossez
1199 747 1303 783 vos
1326 746 1515 784 armes
1540 733 1746 796 (CXIII,
1773 748 1828 796 p.
1856 729 1996 798 101).

752 959 826 1041 11.
858 1019 936 1027 -
961 942 1172 1044 Verba
1199 986 1552 1061 disjuncta.

147 1258 150 1260 .
211 1187 346 1248 Non
392 1187 572 1246 semel
622 1194 844 1248 veteres
885 1180 1306 1267 separaverunt
1341 1210 1473 1268 quae
1515 1209 1619 1249 nos
1646 1191 1978 1268 jungimuS‚
2007 1189 2168 1249 Rou-

130 1283 451 1360 sardusque
476 1284 595 1360 ipse
627 1303 697 1343 ea
722 1284 988 1345 libertate
1036 1288 1239 1346 utitur.
1278 1287 1378 1364 (V.
1431 1286 1679 1355 Becker,
1737 1287 1923 1362 Synt.
1972 1287 2162 1346 Stud.

135 1381 289 1457 iiber
311 1381 412 1439 die
435 1369 724 1450 Pleiade,
761 1383 1122 1452 Darmstadt,
1165 1383 1340 1453 1885,
1373 1403 1428 1460 p.
1461 1380 1562 1454 51)

213 1475 431 1535 Eodem
459 1477 630 1535 modo
661 1476 871 1538 Saeva:

182 1602 358 1658 'Pour
374 1623 480 1657 non
506 1608 559 1659 la
584 1609 659 1659 fin
676 1623 710 1659 a
734 1623 864 1660 mon
892 1610 1060 1660 doulx
1089 1611 1194 1662 mal
1220 1611 1500 1675 precer-ire
1524 1612 1791 1678 (LXXVI,
1820 1626 1874 1676 p.
1906 1612 1988 1673 38)

71 1762 74 1765 ’
147 1766 151 1771 ·
212 1739 415 1818 Neque
432 1740 681 1800 hocloco
701 1748 929 1802 tantum
955 1743 1192 1802 verbum
1224 1763 1260 1802 a
1285 1745 1560 1821 negativa
1584 1743 1876 1822 particula
1899 1744 2006 1820 disj
2019 1762 2158 1802 unc-

133 1834 259 1896 (um
279 1850 388 1916 est,
432 1838 532 1897 sed
557 1838 709 1897 idem
733 1838 1022 1910 differtur,
1047 1840 1116 1918 {et
1148 1840 1246 1899 diu
1271 1846 1691 1918 exspectatum,
1732 1842 1828 1898 vix
1868 1839 1942 1899 ad
1981 1838 2155 1898 clau-

146 1933 336 1993 sulam
360 1933 532 1992 redit.

222 2029 311 2090 Ac
326 2030 677 2107 Bugnonius
700 2048 713 2089 :

406 2169 510 2234 Qui
536 2170 818 2220 voudra...

405 2251 557 2314 D·icy
583 2251 795 2302 dedens
822 2251 929 2301 lire
950 2265 1160 2316 prenne
1188 2252 1240 2302 la
1271 2253 1433 2316 peine
1459 2253 1546 2312 (II,
1579 2267 1629 2315 p.
1662 2252 1748 2314 11)

270 2331 431 2400 Pour
453 2332 537 2382 les
562 2331 708 2383 deux
734 2346 871 2397 yeus
897 2332 965 2382 de
994 2347 1085 2383 ma
1113 2333 1311 2382 Riante
1338 2332 1517 2381 ebatre
1537 2333 1707 2395 (XXI,
1735 2348 1788 2397 p.
1813 2334 1916 2393 21).

270 2414 438 2465 Entre
458 2426 570 2464 -une
615 2412 818 2478 yrand’
845 2413 914 2464 de
940 2414 1137 2465 dames
1157 2413 1366 2478 leyion.
1403 2414 1422 2480 (
1428 2415 1619 2476 XVIII,
1649 2429 1701 2478 p.
1734 2415 1843 2478 15).

148 2612 153 2619 ,
218 2539 353 2608 Sed,
393 2540 465 2597 ab
520 2539 591 2598 iis
638 2539 952 2617 profectuS,
1016 2559 1129 2599 non
1178 2541 1468 2599 dubitavit
1521 2559 1612 2610 ea,
1665 2559 1796 2617 quae
1843 2539 2171 2598 arctissime

141 2636 336 2695 vincta
357 2655 484 2696 esse
515 2637 744 2707 debent,
790 2637 950 2696 nullo
987 2657 1189 2696 sensus
1233 2638 1415 2715 ipsius
1445 2643 1729 2715 respectu,
1776 2636 2120 2713 disjungere
2153 2653 2167 2695 :

272 2768 388 2829 Que
414 2769 463 2818 le
484 2766 798 2835 vainqueur
822 2769 1121 2832 m’inssigea
1154 2769 1249 2819 des
1270 2769 1431 2819 hazatz
1450 2769 1614 2818 dieas
1638 2770 1744 2835 (LI,
1779 2785 1834 2834 p.
1863 2771 1970 2831 40).

282 2848 398 2905 Que
423 2863 566 2912 pour
593 2849 788 2911 aimer,

283 2924 462 2990 Dit-il,
491 2929 724 2991 d'amer,

275 3013 353 3062 Le
378 3025 530 3062 coeur
555 3011 624 3061 de
650 3011 843 3062 Phidie
869 3017 1133 3076 supporte
1156 3013 1166 3063 !
1195 3013 1356 3076 (Pan.
1373 3054 1384 3075 ‚
1414 3028 1467 3078 p.
1499 3015 1637 3078 113).

222 3120 228 3130 .
274 3091 512 3143 Mortele
534 3106 565 3142 o
596 3091 859 3159 Cytheree
882 3093 1051 3157 (XIV,
1082 3108 1136 3157 p.
1168 3096 1273 3156 17).

159 3202 165 3270 ζ
227 3220 366 3279 Inde
390 3219 449 3278 in
481 3239 699 3279 meram
733 3221 938 3279 incidit
965 3222 1276 3280 insaniam.
1308 3222 1462 3281 Nam
1495 3222 1625 3299 quis
1657 3239 1890 3281 sensum
1915 3220 2008 3278 his
2040 3220 2176 3278 sub-

139 3317 368 3394 jectum
396 3315 726 3394 intelligat:
1054 3316 1056 3319 ’

417 3456 474 3508 Si
498 3455 630 3507 bien
654 3455 890 3521 qu'elles
915 3469 977 3506 se
1004 3459 1242 3519 rangent

414 3537 572 3588 Enfin
598 3537 761 3602 qu'en
793 3537 903 3588 soit
925 3551 1054 3588 mon
1082 3541 1324 3602 martyre
1350 3537 1530 3601 allege
1565 3538 1761 3603 (XXII,
1791 3551 1844 3601 p.
1875 3537 1984 3602 21),

43 3687 57 3726 ·;
154 3662 268 3721 nisi
322 3652 462 3722 ord'o
519 3664 896 3722 restituatur:
951 3662 1190 3739 qu'elles
1248 3681 1308 3721 se
1358 3669 1605 3740 rangent
1645 3664 1694 3722 si
1733 3663 1864 3721 bien
1906 3680 2017 3738 que
2048 3678 2182 3718 mon

6 3739 8 3741 ‚
34 3727 45 3754 ³
155 3764 414 3837 martyre
440 3777 510 3817 en
536 3759 647 3817 soit
672 3758 828 3817 enfin
863 3757 1074 3834 allege.

192 3856 195 3858 ,
2031 3863 2088 3908 9*
