2508 4212
0 329 20 391 5

0 133 16 164 ἰ

0 177 18 277 ΞΣ

0 0 46 166 ξ
76 92 78 94 ,

1041 327 1264 374 *9-

115 458 244 539 «ξεί.
267 453 566 519 Quomodo
583 454 760 525 enim,
783 473 915 512 cum
931 457 1059 532 jam
1092 473 1405 518 causarum
1435 466 1718 537 patronus
1754 451 1942 520 factus
1964 459 2160 520 tutelae

134 550 263 614 vsuae
285 555 455 619 esset,
481 568 511 608 e
544 549 815 608 manibus
839 559 1309 628 peraequatorum
1336 557 1583 615 evadere
1619 558 1702 615 ita
1728 557 1934 634 potuit,
1963 562 2026 616 ut
2050 575 2162 614 non

19 647 27 658 ²
128 645 200 707 fin
229 645 478 724 regestis
513 663 719 704 nomen
752 645 878 720 ejus
903 647 990 722 (l)
1021 648 1448 709 inveniremus?

1141 849 1163 870 t

1118 905 1189 940 *3*

40 1030 60 1044 ”
144 1029 147 1034 ’
215 1001 369 1084 Urbs
413 1026 524 1085 fuit
572 1026 949 1102 Lugdunum,
994 1046 1240 1102 quacum
1294 1031 1348 1087 in
1395 1031 1590 1088 Gallia
1638 1032 1799 1090 nulla
1848 1034 1962 1091 nisi
1995 1035 2161 1110 regia

62 1157 73 1166 ·
133 1121 414 1190 cremabat,
481 1122 728 1181 Athenis
794 1141 949 1199 saepe
1013 1131 1263 1199 aequata,
1334 1132 1620 1185 vetustate
1683 1129 2153 1198 honoratissiina,

63 1269 70 1276 .
101 1215 474 1277 'felicissima
497 1219 635 1288 sitU,
664 1218 826 1277 dives
848 1236 1021 1295 opum
1055 1226 1226 1295 atque
1263 1220 1485 1280 aedibus
1509 1223 1758 1299 publicis
1799 1226 2158 1302 privatisque

135 1331 241 1392 pro
275 1313 393 1373 illis
431 1314 784 1391 temporibus
826 1314 1164 1391 magnifica,
1210 1316 1675 1393 frequentissima
1713 1322 2154 1391 mercatoribus,

133 1409 228 1469 cui
273 1411 480 1488 primae
533 1407 720 1468 Italici
768 1409 1007 1468 advenae
1062 1409 1280 1468 cultum
1347 1413 1519 1472 simul
1576 1422 1745 1492 atque
1805 1416 2158 1493 opulentiam

133 1511 604 1585 apportaverant,
659 1514 780 1565 tum
829 1504 1159 1564 liberalium
1220 1509 1433 1567 artium
1492 1510 1575 1568 ita
1614 1513 2045 1582 amantissima,
2099 1522 2161 1572 ut

51 1623 56 1631 ·
133 1620 334 1662 omnes
349 1602 471 1662 fere
489 1612 734 1680 quorum
755 1604 989 1660 nomina
1005 1602 1074 1659 ad
1097 1621 1201 1660 nos
1220 1612 1604 1680 pervenerunt
1625 1614 1724 1665 aut
1742 1626 1870 1665 eam
1896 1609 2155 1679 viserint,

133 1703 235 1759 aut
271 1698 678 1769 incoluerint,
730 1706 1029 1775 poetarum
1111 1718 1245 1757 vero
1319 1703 1637 1777 praesertim
1699 1698 2159 1780 scriptorumque

94 1793 114 1847 ’.
132 1795 391 1854 omniurn
419 1796 582 1855 sedes
605 1802 683 1866 et,
721 1803 786 1854 ut
811 1795 894 1852 ita
916 1794 1129 1865 dicam,
1161 1794 1346 1854 altera
1372 1798 1559 1874 patria
1585 1818 1653 1857 ac
1682 1818 1907 1875 parenS,
1941 1806 2004 1859 ut
2028 1819 2158 1876 quae

133 1909 250 1951 non
290 1890 475 1951 solum
525 1910 622 1951 eos
673 1892 912 1959 foveret,
943 1890 1041 1949 sed
1082 1910 1260 1968 opera
1310 1894 1485 1951 etiam
1527 1894 1972 1972 bibliopolarum
2018 1915 2161 1954 cura

133 1987 344 2048 eximie
377 2006 593 2047 excusa
624 1986 940 2047 effunderet
973 2006 1073 2064 per
1097 1989 1292 2047 orbem
1312 1990 1426 2067 (2).

184 2191 241 2247 (1)
264 2191 379 2235 Vide
413 2193 589 2235 archiv.
618 2193 725 2234 urb.
751 2193 936 2236 Matisc.
973 2195 1060 2238 CC.
1092 2197 1156 2246 13,
1184 2197 1263 2238 ubi
1288 2195 1476 2238 heredes
1498 2193 1678 2236 Claudii
1707 2195 1936 2247 Bugnonii
1966 2194 2162 2236 etvidua

132 2258 414 2313 heredesque
452 2259 578 2301 illius
614 2261 756 2313 Ayme
799 2274 919 2304 anno
956 2275 1171 2305 cimomm
1200 2267 1243 2304 et
1279 2274 1467 2312 cmmnv,
1496 2262 1544 2304 hi
1570 2273 1703 2314 xvm,
1734 2262 1800 2303 illi
1828 2274 1962 2304 xxxn
1987 2261 2161 2304 solidos

131 2326 310 2369 solvere
328 2326 564 2380 Jubentuiu

177 2410 236 2460 (2)
260 2409 582 2452 Animadverte
603 2414 752 2452 tamen
769 2411 1014 2460 civitatem,
1036 2412 1273 2465 paulisper
1301 2411 1439 2453 Italia
1459 2410 1652 2452 duce-ad
1681 2410 1881 2452 studium
1902 2411 2159 2452 litterarum

130 2475 265 2530 quasi
302 2476 640 2517 renascentium
675 2488 958 2527 conversam,
995 2478 1091 2530 jam
1127 2482 1221 2519 tum
1267 2479 1341 2519 sui
1372 2478 1512 2519 moris
1551 2489 1603 2519 ac
1631 2482 1803 2518 naturae
1833 2489 2075 2519 memorem
2103 2478 2161 2519 ad

131 2553 203 2584 res
232 2543 524 2584 mercatorias
564 2543 856 2596 potissimum
896 2544 1109 2585 rediisse.
1133 2545 1276 2596 CuJus
1302 2545 1366 2585 rei
1395 2549 1445 2584 ut
1475 2543 1608 2584 fidem
1639 2543 1819 2593 faciam,
1850 2544 2056 2596 exemplo
2092 2549 2161 2588 est

130 2608 326 2651 Mellerii
350 2608 407 2649 ad
426 2609 570 2650 filium
589 2610 831 2651 Nicolaum
849 2610 1031 2652 Lutetiae
1059 2615 1153 2652 tum
1174 2611 1411 2662 degentem
1425 2611 1777 2663 epistola‚quam
1799 2622 1851 2651 ex
1868 2610 2160 2651 Bibliothecae

134 2674 457 2727 Lugdunensis
483 2676 669 2716 scriniis
704 2681 877 2717 erutam
913 2689 964 2718 eo
1010 2679 1157 2729 magis
1197 2689 1266 2718 me
1302 2678 1431 2728 juvat
1470 2676 1542 2717 hic
1582 2678 1780 2729 primum
1821 2676 2001 2725 afferre,
2038 2677 2159 2730 quod

44 2751 45 2754 ’
131 2740 327 2782 Mellerii
353 2741 591 2796 Bugnonio
613 2743 971 2785 familiarissime
994 2733 1254 2785 utebantur.

184 2821 206 2845 α
231 2807 509 2849 Deliberatio
529 2809 592 2849 tui
619 2813 767 2849 status
787 2811 905 2850 inter
923 2811 1076 2850 varios
1094 2811 1279 2851 humani
1313 2810 1475 2861 judic-ii
1495 2810 1785 2863 amphractus
1803 2809 1882 2850 diu
1902 2821 1972 2850 me
1991 2811 2160 2863 ancipi-

51 2883 54 2888 ·
87 2903 89 2905 ·
135 2877 222 2915 tem
241 2877 285 2916 et
300 2875 489 2916 anxium
502 2875 711 2916 detinuit.
735 2876 855 2916 Hinc
873 2878 993 2917 enim
1011 2878 1198 2927 urgebat
1218 2877 1470 2917 nativitatis
1491 2880 1563 2917 tue
1582 2876 1749 2925 solum,
1768 2888 1858 2928 quo
1878 2876 2059 2918 dulcius
2084 2878 2159 2918 vix

134 2940 384 2994 quidquam
404 2941 648 2994 excogitari
673 2946 773 2993 pote
785 2946 832 2991 «it,
865 2943 1091 2984 excellens
1106 2947 1148 2984 et
1176 2944 1444 2985 admiranda
1462 2943 1638 2983 Lutetie
1657 2943 1857 2984 civitatis
1890 2943 2159 2996 amplitudo,

134 3009 370 3050 doctorum
387 3008 620 3049 hominum
641 3013 766 3050 cetus
791 3022 843 3050 ac
865 3010 1149 3061 frequentia:
1171 3014 1214 3051 et
1247 3023 1299 3051 ex
1324 3014 1456 3062 gente
1479 3012 1683 3051 materna
1708 3011 1912 3051 virorum
1936 3010 2158 3051 nobilitas

134 3075 263 3116 favor
305 3078 347 3116 et
373 3075 535 3123 honos,
572 3075 677 3116 hinc
706 3087 812 3117 vero
842 3088 897 3116 ex
940 3078 1032 3118 alio
1070 3078 1249 3117 tramite
1287 3078 1462 3129 paterni
1497 3077 1782 3128 cognominis
1825 3078 1999 3119 familia
2037 3078 2157 3130 apud

132 3141 354 3183 coloniam
386 3141 738 3194 Lugdunensem
766 3154 853 3195 que
881 3147 920 3183 te
941 3154 968 3183 a
995 3145 1160 3184 teneris
1185 3144 1321 3184 annis
1343 3143 1575 3192 educavit;
1605 3154 1779 3184 necnon
1822 3149 2000 3185 tuorum
2031 3156 2159 3185 amor

132 3207 254 3249 haud
274 3219 301 3249 a
333 3210 521 3261 paterno
543 3219 703 3260 pat-uni
731 3209 963 3249 dissidens
989 3221 1118 3250 suam
1152 3210 1353 3261 undique
1380 3220 1565 3250 causam
1586 3209 1839 3251 tuebantur.
1868 3210 1954 3252 Sed
1979 3210 2157 3251 tandem

131 3273 253 3326 apud
298 3285 368 3314 me
414 3274 522 3315 vicit
560 3274 814 3315 studiorum
859 3286 1025 3327 parens
1065 3275 1259 3325 Lutetia,
1300 3287 1388 3327 que
1432 3275 1589 3316 doctos
1627 3276 1724 3325 alit,
1760 3276 1936 3317 divitiis
1968 3276 2157 3323 extollit.

131 3341 475 3391 magistratuum
509 3340 680 3381 honore
709 3342 755 3381 in
781 3342 926 3381 celum
956 3353 1103 3393 usque
1138 3342 1320 3383 exaltat.
1351 3343 1523 3383 Nostra
1554 3347 1706 3384 autem
1735 3344 1912 3384 colonia
1950 3356 2039 3385 non
2065 3345 2156 3385 nisi

129 3406 462 3458 negotiatorum
483 3408 680 3448 avaritia
706 3408 865 3459 fulget,
883 3408 958 3459 qui
983 3408 1068 3448 sibi
1094 3408 1140 3448 in
1172 3420 1225 3448 ea
1254 3409 1427 3460 primos
1452 3409 1689 3450 accubitus
1718 3410 1968 3458 venditant,
1994 3413 2158 3464 magis·

132 3475 331 3512 tratuum
360 3473 675 3514 auctoritatem
698 3478 922 3526 spernunt
946 3478 1081 3526 atque
1099 3485 1240 3526 parvo
1260 3474 1430 3515 habent
1465 3476 1510 3515 in
1532 3476 1698 3526 precio,
1723 3476 1785 3515 ita
1810 3479 1859 3516 ut
1882 3476 1935 3517 de
1960 3478 2154 3530 amplec-

133 3538 266 3579 tendo
312 3540 659 3590 magistratuum
707 3540 877 3581 honore
927 3552 1087 3592 pauca,
1129 3541 1220 3581 imo
1272 3541 1363 3581 fere
1406 3542 1547 3592 nulla,
1578 3541 1723 3582 doctis
1748 3542 2011 3584 hominibus
2052 3557 2157 3597 spes

133 3605 423 3652 remanserit;
447 3617 546 3646 eam
571 3606 628 3646 ob
658 3617 749 3646 rem
790 3608 853 3646 tui
884 3611 1031 3646 status
1056 3608 1187 3654 ratio,
1229 3608 1268 3647 si
1297 3619 1386 3658 qua
1413 3608 1536 3659 apud
1559 3619 1712 3648 senem
1747 3613 1957 3660 patruum
1984 3623 2156 3652 reman-

136 3671 262 3721 serit,
299 3671 474 3721 suadet,
514 3675 589 3721 ut‚.
615 3684 712 3712 meo
736 3672 927 3723 judicio,
980 3673 1138 3713 relicto
1169 3678 1467 3714 mercatorum
1505 3674 1619 3715 duce
1649 3675 1888 3725 Mercurio,
1923 3677 2153 3717 Palladem

134 3738 282 3793 ipsam
312 3738 540 3793 sequaris.
566 3738 679 3789 Quis
708 3740 827 3781 enim
859 3742 946 3779 tam
974 3741 1096 3781 iners
1127 3743 1211 3780 aut·
1229 3740 1378 3792 exigui
1405 3741 1564 3791 judicii
1586 3742 1654 3781 vir
1675 3743 1863 3798 reperiri
1894 3746 2038 3796 potest
2063 3755 2157 3799 qny
