2508 4212
1168 298 1430 348 -20...

358 434 442 491 M.
480 431 842 501 Fustaillier,
872 431 1121 489 advocat
1145 431 1542 503 Masconnois‚
1572 435 1733 493 avoit
1756 435 2006 494 extraict
2024 442 2154 495 tant
2178 437 2329 496 d’un.

275 530 423 586 livre
448 529 732 587 enchaine
758 547 832 585 au
858 534 1045 585 tresor
1087 528 1156 585 de
1203 527 1450 605 l’Eglise
1500 530 1848 590 Cathedrale
1895 551 2005 608 que
2060 533 2319 594 d’autres

275 626 580 682 memoires
601 623 923 699 qu’ilavait
949 642 1060 700 peu
1094 623 1410 694 recueillir,
1450 645 1527 684 un
1570 628 1880 686 sommaire
1919 628 1990 685 de
2030 627 2320 688 l’histoire

273 720 698 786 masconnoise‚
730 718 871 794 qu’il
899 720 1227 795 pretendoit
1259 740 1326 778 en
1338 721 1521 779 richir
1546 723 1616 781 de
1642 722 1701 781 la
1733 723 1896 799 copie
1920 724 2021 782 des
2046 723 2238 784 tiltres
2263 732 2320 784 et

271 818 534 875 chartres
559 817 839 874 vidimees
871 834 943 873 en
972 815 1166 894 iceluy
1191 815 1362 875 livre.
1394 819 1550 877 Mais
1583 839 1843 896 prevenu
1870 839 1978 896 par
2009 826 2183 889 mort,
2213 840 2318 880 son

271 914 545 990 desseing
571 914 849 971 demoura
879 913 1252 990 simplement
1284 923 1512 974 revestu
1551 917 1654 975 des
1693 917 1857 976 dates
1889 917 2144 985 d'iceux‚
2182 938 2319 977 sans

271 1017 471 1069 autres
507 1029 753 1087 preuves
780 1018 836 1068 et
870 1011 1309 1087 approbations.
1332 1012 1413 1071 Or
1431 1032 1497 1071 ce
1530 1013 1680 1072 livre
1713 1014 2003 1072 enchaine
2028 1014 2226 1074 brusle
2248 1035 2324 1074 au

271 1114 682 1184 saccagement
708 1107 876 1165 dudit
903 1110 1114 1177 tresor‚
1146 1128 1253 1185 par
1278 1109 1363 1167 les
1390 1110 1674 1169 autheurs
1699 1110 1799 1168 des
1822 1110 2079 1187 troubles
2105 1111 2176 1170 de
2202 1111 2322 1170 l'an
2379 1120 2381 1122 ’

271 1224 484 1264 MDLXH
514 1210 572 1263 et
603 1205 687 1262 les
713 1204 905 1280 copies
946 1205 1257 1263 extraictes
1306 1225 1412 1283 par
1466 1206 1605 1265 ledit
1650 1205 1994 1266 Fustaillier
2030 1208 2280 1285 perdues
2302 1230 2318 1284 3

274 1320 354 1360 ne
386 1302 608 1360 restoit
624 1303 783 1376 plus
806 1320 927 1376 que
953 1304 1202 1360 certain
1228 1305 1602 1371 sommaz're,
1632 1306 1746 1378 qui
1769 1305 2037 1379 vayuoz't
2068 1323 2203 1380 par
2234 1307 2324 1364 les

273 1400 494 1457 mains
520 1400 594 1457 de
621 1398 737 1458 bon
758 1399 1017 1457 nombre
1044 1398 1391 1458 d’lzommes
1419 1401 1701 1459 caricum
1729 1402 1885 1460 dele
1909 1402 2085 1476 faire
2113 1405 2324 1461 trans-

273 1497 466 1554 crire.
519 1495 703 1553 Pour
749 1496 911 1553 donc
967 1497 1216 1555 relever
1267 1514 1359 1554 zm
1411 1498 1665 1555 chacun
1723 1498 1798 1556 de
1841 1501 2004 1556 ceste
2035 1499 2231 1573 peine
2266 1503 2327 1557 et

275 1610 438 1649 POUR
485 1610 848 1649 SATISFAIRE·
901 1610 981 1651 Au
1043 1603 1218 1650 DEsuz‘
1273 1591 1455 1650 D’UNE
1510 1596 1772 1650 1NF1N1T153
1820 1612 1893 1650 DE
1959 1611 2321 1663 PERSONNES,

277 1690 367 1749 M.
398 1689 746 1764 Βαρνιῃονι,
798 1688 861 1748 J.
909 1689 976 1747 C.
1010 1687 1447 1758 Maso-annom,
1499 1690 1889 1748 demourant
1913 1690 1949 1747 ὰ
1991 1691 2201 1765 Lyon,
2241 1689 2328 1750 l'a

277 1786 442 1863 saict
483 1786 829 1861 imprimer
879 1789 936 1843 et
984 1786 1283 1844 traduire
1340 1804 1419 1843 en
1484 1787 1781 1861 frangeis
1814 1787 1855 1844 ὰ
1899 1784 2159 1845 l'utilite'
2197 1805 2327 1863 pu-

279 1884 510 1959 blique.
545 1883 632 1961 (l)
2134 1871 2136 1875 ¹

358 1980 571 2039 Omnia
598 1999 751 2038 nunc
770 1998 956 2056 perse
982 1978 1418 2055 intelliguntur.
1436 1980 1672 2037 Mortuo
1699 1977 2079 2048 Fustallerio,
2102 1979 2330 2038 tradita

281 2098 385 2156 per
425 2097 632 2136 manus
681 2076 1041 2134 collectanea
1092 2076 1465 2152 vagabantur
1510 2076 1624 2152 (2).
1675 2077 2025 2152 Bugnonius
2072 2076 2332 2136 codicem

282 2175 487 2243 edidit,
531 2181 595 2232 ut
620 2174 717 2249 qui
751 2198 776 2226 «
808 2173 1068 2230 studium
1105 2192 1171 2230 ac
1195 2191 1430 2249 operam
1466 2171 1712 2230 multam
1763 2174 1820 2230 in
1871 2172 2333 2231 commendanda

285 2273 425 2331 urbe
452 2290 560 2330 sua
586 2276 909 2328 stuatueret
939 2293 964 2322 »
996 2276 1054 2328 et
1083 2294 1110 2324 «
1140 2270 1234 2346 pio
1261 2270 1457 2327 animo
1484 2269 1886 2340 sanctissimos
1909 2270 2170 2347 parentis
2198 2270 2327 2348 (i.e.

286 2367 656 2444 Fustallerii)
687 2386 885 2424 manes
927 2365 1139 2426 coleret
1170 2366 1254 2443 (3)
1286 2389 1340 2436 »‚
1371 2366 1585 2425 nedum
1613 2366 1723 2424 sibi
1759 2365 2016 2426 alienum
2050 2366 2330 2425 honorem

291 2466 635 2524 vindicaret.
1579 2516 1582 2519 ⁴
2052 2468 2054 2470 ’

371 2564 641 2622 Ceterum
669 2580 835 2619 nemo
863 2562 1012 2619 inter
1045 2559 1303 2636 aequales
1331 2559 1559 2636 vulgati
1579 2559 1703 2636 jam
1739 2561 1928 2637 operis
1951 2559 2335 2636 Bugnonium

290 2661 634 2738 scriptorem
655 2659 919 2736 agnovit,
950 2677 1056 2716 nec
1081 2677 1209 2716 eum
1239 2657 1541 2714 accusavit
1563 2656 1716 2733 quod
1745 2655 1970 2733 aliquid
2002 2656 2334 2714 detrimenti

288 2760 337 2817 F
345 2757 641 2817 ustallerio
663 2756 975 2815 attulisset.
993 2757 1113 2813 Imo
1141 2763 1345 2813 contra
1362 2773 1562 2812 curam
1586 2754 1974 2831 pietatemque
1992 2752 2328 2820 laudavere,

287 2862 352 2915 ut
386 2855 521 2914 fecit
565 2856 684 2932 ipse
726 2853 843 2911 Stus
867 2851 1145 2911 Julianus
1177 2870 1188 2909 :
1226 2872 1256 2908 «
1288 2851 1372 2908 Μ.
1425 2850 1745 2908 Fustallier
1769 2850 1932 2909 avoit
1972 2850 2105 2928 deja
2161 2849 2335 2907 traite

290 2960 411 3013 cest
435 2959 750 3030 argument
783 2971 852 3010 eu
880 2950 1025 3010 latin
1052 2956 1108 3009 et
1146 2950 1231 3009 M.
1261 2950 1558 3027 Bugnyon
1585 2947 2020 3033 vjurisconsulte
2067 2964 2335 3007 mascon-

344 3195 401 3246 (1)
428 3195 567 3235 Deux
595 3187 740 3234 liures
770 3193 854 3231 des
891 3191 1040 3241 antiq.
1065 3191 1121 3229 de
1156 3189 1372 3229 Mascon.
1402 3186 1551 3235 Paris,
1597 3184 1696 3224 Nic.
1730 3183 1976 3224 Chesneau
2011 3180 2130 3229 1581,
2151 3192 2202 3233 p.
2232 3178 2332 3221 23¹.

290 3259 766 3302 Animadvertendum
814 3266 963 3298 tamen
1005 3256 1209 3297 nondum
1249 3254 1431 3295 chartas
1457 3251 1664 3293 incendio
1690 3250 1882 3303 periisse
1922 3259 2026 3289 cum
2065 3247 2338 3300 Bugnonius

290 3329 548 3370 Clironicon
577 3326 722 3367 edidit
753 3328 886 3374 (anno
908 3325 1096 3374 Mnmx).

342 3411 397 3463 (2)
428 3411 676 3463 Exemplar
706 3421 847 3449 unum
875 3420 923 3449 se
961 3407 1181 3448 habuisse
1225 3406 1417 3446 testatur
1442 3404 1539 3456 ipse
1561 3404 1645 3443 stus
1680 3401 1897 3442 Julianus
1929 3407 1938 3439 ε
1969 3398 2021 3439 Je
2047 3409 2103 3438 ne
2133 3408 2241 3450 scay
2265 3396 2338 3437 s'il

289 3480 576 3530 (Fustailler)
597 3479 719 3518 avoit
737 3477 956 3517 intention
982 3476 1036 3515 de
1057 3477 1300 3527 pei-mettre
1320 3483 1410 3512 aux
1432 3482 1618 3527 presses
1644 3480 1726 3509 son
1748 3467 2045 3518 labeanpoui·
2064 3465 2108 3505 le
2133 3463 2335 3516 puhlier;

290 3547 406 3587 mais
433 3558 486 3586 en
514 3558 587 3586 ma
616 3546 742 3596 copie
776 3544 939 3584 escrite
967 3542 989 3581 a
1018 3542 1062 3582 la
1085 3542 1206 3581 main
1229 3543 1334 3593 (que
1359 3540 1467 3592 j'ay,
1494 3537 1525 3578 il
1558 3549 1585 3589 y
1613 3549 1638 3575 a
1663 3536 1768 3588 plus
1804 3534 1858 3574 de
1887 3536 2033 3574 trente
2058 3531 2220 3582 ans...)
2242 3531 2329 3582 Op.

287 3626 439 3664 supra
467 3614 545 3653 cit.
573 3613 653 3652 lib.
684 3612 745 3660 11,
773 3624 817 3664 p.
842 3611 941 3651 265.

339 3696 394 3746 (3)
414 3694 486 3735 Sic
509 3695 630 3735 enim
662 3694 802 3734 verba
827 3693 1048 3744 parentis
1084 3691 1240 3738 illius,
1273 3690 1559 3735 adversante,
1596 3686 1754 3732 fateor,
1785 3682 1988 3736 pessimo
2012 3680 2170 3734 operis
2194 3679 2335 3721 inter-

283 3769 409 3815 prete
438 3762 626 3804 Nicolao
651 3759 846 3810 Edoard,
870 3760 1091 3811 intelligo.
1128 3757 1233 3800 Vid.
1269 3756 1420 3809 Epist.
1459 3756 1522 3795 ad
1549 3752 1751 3799 parad„
1774 3763 1821 3805 p.
1854 3749 1898 3789 3.
2302 3765 2304 3769 v
