2508 4212
1041 699 1249 763 PARS
1318 700 1332 762 Ι

800 1026 902 1083 DE
960 1024 1341 1083 BUGNONII
1405 1025 1595 1082 VITA

263 1476 440 1553 Gujas
471 1474 643 1534 fuerit
673 1474 1024 1550 Bugnonius
1052 1476 1172 1551 ipse
1205 1476 1465 1547 tradidit,
1495 1476 1593 1553 qui
1634 1475 1850 1533 nomini
1895 1494 2218 1551 cognomen

186 1572 672 1633 Matisconensem
712 1570 1029 1646 saepissime
1069 1571 1312 1638 addidit,
1349 1578 1406 1630 et
1436 1573 1508 1630 ab
1535 1571 1758 1649 oppido
1794 1571 2114 1629 Matiscone
2161 1591 2222 1630 se

103 1721 107 1726 ,
189 1667 498 1728 oriundum
536 1685 649 1724 non
691 1665 868 1724 semel
908 1667 1273 1734 memoravit,
1311 1686 1382 1725 ne
1414 1668 1543 1743 quis
1581 1665 1856 1725 videlicet
1901 1666 2222 1726 malevolus

190 1773 355 1824 extra
410 1761 753 1840 pomoerium
816 1761 1050 1839 inclytae
1097 1762 1256 1820 urbis
1305 1769 1529 1822 tantum
1580 1763 1772 1820 virum
1835 1771 2037 1820 natum
2096 1782 2222 1821 esse

190 1858 602 1936 suspicaretur.
666 1856 811 1915 Cum
882 1863 1095 1926 autem,
1162 1859 1260 1934 qui
1320 1865 1587 1935 parentes
1658 1858 1894 1921 fuerint,
1948 1859 2218 1928 tacuerit,

192 1973 466 2031 magnam
491 1953 908 2012 dubitationem
937 1953 1132 2022 habet,
1162 1955 1310 2030 quod
1337 1954 1575 2014 Arcelin
1622 1961 1835 2013 temere
1874 1956 2107 2032 scripsit
2151 1955 2221 2013 de

206 2069 416 2128 genere
457 2049 662 2119 nostri,
715 2068 846 2109 eum
893 2049 1098 2108 domus
1143 2049 1303 2109 illius
1356 2050 1733 2109 nobilissimae
1779 2058 1998 2127 partem
2048 2058 2221 2127 atque

194 2146 460 2205 heredem
489 2145 688 2214 fuisse,
721 2163 793 2203 ex
817 2163 932 2221 qua
957 2144 1216 2204 nonnulli
1238 2146 1310 2204 ad
1336 2145 1945 2214 summosvconsulatus
1970 2146 2220 2205 honores

195 2244 254 2301 in
288 2243 429 2303 urbe
453 2261 562 2301 sua
584 2249 969 2319 pervenerunt
995 2242 1105 2318 (l).

276 2339 510 2399 Cant-ior
534 2337 755 2408 Gloria,
786 2339 971 2415 utqui
996 2338 1207 2415 saepius
1238 2338 1309 2397 de
1333 2338 1653 2398 hereditate
1676 2339 1976 2415 litigantes
2008 2339 2220 2397 audie-

195 2434 295 2505 rit,
346 2440 814 2512 compertumque
874 2433 1086 2492 habeat
1124 2432 1564 2492 similitudinem
1615 2435 1910 2493 nominum
1963 2434 2111 2492 nihil
2151 2433 2222 2492 de

198 2530 545 2608 cognatione
591 2530 816 2600 testari,
860 2529 1009 2588 nihil
1056 2528 1217 2588 aliud
1260 2548 1431 2606 quam
1482 2530 1720 2607 conjicit
1772 2549 1903 2589 eum
1942 2548 2074 2589 cum
2123 2528 2223 2587 illo

200 2627 440 2687 Claudio
456 2627 765 2703 Bugnonio
790 2630 1103 2709 cognatum
1131 2625 1307 2699 fuisse
1326 2626 1422 2702 qui
1449 2626 1535 2683 bis
1554 2627 1703 2684 inter
1727 2626 1995 2685 scabinos
2018 2625 2226 2683 Matis-

201 2740 475 2782 conenses
498 2741 652 2780 anno
687 2722 918 2789 Domini
945 2738 1262 2780 cmmxxxv
1297 2731 1354 2779 et
1387 2739 1681 2780 cimoxmx
1733 2721 1951 2780 electus
1985 2728 2072 2779 est
2112 2721 2224 2798 (2).

281 2812 412 2896 Ego
448 2837 585 2878 vero
625 2818 1019 2895 conjecturam
1067 2836 1274 2874 novam
1318 2815 1372 2874 in
1419 2837 1478 2874 re
1529 2824 1811 2877 vetustate
1861 2819 2066 2876 obruta
2120 2836 2232 2875 non

204 2913 590 2992 interponam,
641 2933 794 2983 cum,
864 2915 1084 2971 chartis
1145 2913 1669 2971 Matisconensibus
1726 2914 1971 2983 minore,
2029 2915 2232 2983 fateor,

206 3027 306 3087 spe
331 3028 507 3087 quam
539 3028 680 3068 cura
721 3010 991 3077 evolutis,
1032 3008 1193 3066 nulla
1219 3009 1287 3065 de
1320 3008 1431 3066 hac
1457 3009 1626 3066 domo
1651 3010 1994 3068 documenta
2028 3009 2240 3068 afferre

207 3105 445 3183 possim,
474 3106 591 3163 imo
623 3113 848 3174 contra,
872 3113 935 3163 ut
962 3125 1091 3163 vere
1117 3105 1328 3173 dicam,
1358 3123 1428 3162 ex
1458 3104 1565 3162 hac
1592 3106 2038 3182 investigatione
2059 3124 2244 3165 novus

210 3199 520 3281 scrupulus
551 3202 747 3259 animo
775 3201 1025 3275 injectus
1046 3202 1140 3258 sit.

264 3412 323 3464 (1)
359 3411 566 3454 Ceterum
611 3416 817 3454 nostrum
860 3413 1103 3454 Claudium
1149 3412 1267 3452 idem
1302 3417 1550 3466 nuncupat.
1595 3413 1645 3451 V.
1683 3412 1872 3453 Indicat.
1912 3413 2177 3465 lieraldique
2204 3425 2227 3455 e

215 3478 540 3532 genealogique
564 3479 624 3519 du
654 3479 926 3520 Maconnais
951 3492 996 3532 p.
1014 3479 1079 3519 73.

266 3574 324 3627 (2)
352 3574 440 3616 Hic
469 3578 538 3615 est
569 3575 700 3616 illius
726 3575 908 3616 Claudii
939 3587 1100 3615 cursus
1138 3575 1379 3622 honorum,
1410 3587 1541 3627 quem
1571 3587 1625 3616 ex
1649 3578 1839 3626 regestis
1869 3577 2084 3617 Bernardi
2124 3578 2253 3618 resti-

219 3645 347 3682 tuere
371 3641 475 3682 licet
501 3652 512 3682 τ
536 3641 734 3683 Echevin
763 3642 1007 3687 15261535;
1036 3642 1235 3681 electenr
1259 3641 1319 3681 du
1351 3647 1453 3682 tour
1477 3642 1601 3685 1535:
1627 3642 1813 3683 eclievin
1843 3643 1959 3691 1549,
1986 3645 2083 3685 1351
2105 3657 2116 3690 ·,
2142 3644 2256 3685 elec-

218 3709 317 3748 teur
358 3706 420 3748 du
470 3711 573 3748 tour
618 3707 733 3748 1550.
778 3708 905 3749 Obiit
945 3711 1047 3748 ante
1093 3720 1264 3748 annum
1312 3719 1522 3755 cmromv,
1569 3719 1672 3749 nam
1715 3711 1761 3750 in
1813 3711 1982 3751 tabulis
2032 3722 2250 3751 censuum

219 3773 328 3815 anni
347 3784 543 3815 cmmmv
563 3777 608 3815 et
625 3785 815 3820 cmmnv.
837 3774 891 3815 de
910 3775 1050 3816 vidua
1069 3773 1168 3823 ejus
1193 3775 1361 3815 mentio
1381 3775 1430 3814 fit
1449 3775 1595 3823 (Arch,
1620 3776 1799 3818 Matisc.
1820 3777 1907 3818 CC.
1939 3777 2003 3826 13,
2027 3780 2058 3817 1⁰
2076 3778 2102 3817 4
2125 3782 2166 3818 et
2185 3780 2249 3829 7).

1997 3867 2017 3912 1
