2508 4212
1045 345 1305 395 ...97-

164 483 272 548 est,
307 495 644 555 quanquam
673 495 804 554 spes
828 476 1207 552 consiliaque,
1242 481 1307 534 ut
1337 475 1556 552 saepius
1580 475 1788 540 deinde
1818 474 2036 540 factum
2075 480 2182 545 est,

167 590 282 635 non
306 572 768 641 celebraverunt,
806 590 911 630 nec
936 571 1242 630 classicum
1265 571 1546 630 cecinere.
1577 571 1768 629 Testis
1792 571 2071 647 praefatio
2086 569 2191 634 illa

166 688 283 746 qua
298 667 576 729 Claudius
594 665 1040 726 Taillemontius
1059 667 1129 726 de
1154 667 1582 744 orthographia
1603 667 1726 743 egit
1746 688 1762 741 3
1784 667 1946 725 testis
1962 685 2192 743 quoque

165 763 266 824 ille
293 764 618 841 :Bugnonii
676 763 837 822 locus
890 764 950 821 in
1006 762 1434 820 Commentario
1488 762 1559 820 de
1613 763 1801 820 edicto
1852 762 2188 831 Molinensi,

165 878 280 936 quo
326 861 452 937 regi
505 857 838 936 gratulatur
895 858 1226 935 gaudetque
1273 858 1422 934 quod
1469 857 1676 934 lingua
1722 857 1907 916 latina
1955 857 2192 935 gallicae

49 945 53 948 Δ
98 954 101 958 ’
164 954 370 1015 cedere
385 955 553 1032 jussa
577 955 674 1024 sit,
718 973 850 1031 quae
878 956 1002 1031 jam
1035 952 1183 1011 nulli
1209 951 1378 1011 alteri
1403 953 1479 1034 sit
1508 953 1699 1030 impar
1732 973 1835 1013 nec
1859 954 2192 1019 incremen-

164 1056 288 1110 tum
313 1050 499 1110 ullum
525 1050 810 1108 desideret
834 1050 946 1126 (l).

192 1206 196 1211 .
246 1147 538 1214 ProfectO,
583 1146 632 1204 si
678 1165 862 1223 purus
907 1152 1196 1221 tenaxque
1243 1163 1427 1215 amor,
1465 1163 1580 1203 non
1622 1146 1837 1214 verbis,
1875 1146 1973 1204 sed
2014 1146 2196 1204 multo

166 1244 358 1319 magis
391 1243 537 1302 actis
569 1242 963 1319 cognoscitur,
1014 1241 1387 1299 manifestum
1419 1248 1504 1299 est
1543 1249 1601 1299 et
1640 1241 1869 1300 Saevam
1910 1242 2099 1320 ipsum
2140 1247 2197 1301 et

165 1358 365 1400 omnes
391 1339 491 1416 qui
524 1339 596 1397 ab
620 1357 688 1398 eo
721 1339 962 1416 profecti
989 1345 1124 1396 sunt
1148 1338 1304 1396 omni
1331 1355 1439 1414 ope
1477 1356 1714 1396 curasse
1755 1347 1817 1398 ut
1863 1363 1890 1394 «
1946 1338 2197 1415 vulgare

35 1455 47 1473 ³
103 1515 108 1521 ·
165 1442 491 1517 nostrum»
527 1433 825 1511 eloquium
857 1434 1110 1492 ditarent
1135 1432 1646 1508 nobilitarentque.

244 1529 380 1590 Jam
407 1531 691 1608 quomodo
717 1549 884 1590 voces
909 1526 1194 1607 cujusque
1224 1529 1368 1586 artis
1400 1529 1665 1605 proprias
1705 1528 1812 1586 sibi
1854 1547 2197 1588 accommo-

164 1625 457 1697 daverint,
509 1626 765 1686 diximus
818 1644 830 1685 ε
879 1645 1033 1692 nunc
1088 1624 1375 1702 quomodo
1424 1642 1604 1683 novas
1659 1631 1760 1683 aut
1806 1625 2050 1684 fecerint
2094 1631 2199 1683 aut

164 1722 526 1793 induxerint,
594 1723 1068 1800 quotiescumque
1122 1721 1299 1780 decus
1357 1726 1460 1779 a'ut
1522 1719 1831 1780 utilitatem
1887 1721 2197 1797 quamdam

170 1817 394 1896 linguae
427 1816 634 1878 afferre
658 1837 719 1878 se
745 1836 910 1896 posse
934 1817 1439 1885 existimaverunt,
1477 1816 1720 1875 videbis.

518 2141 556 2188 1.
583 2165 637 2174 —·
670 2138 1028 2187 VOCABULA
1061 2137 1458 2184 IMPROPRIE
1484 2137 1839 2185 DERIVATA

249 2333 309 2411 α)
342 2333 563 2395 Mirum
590 2334 649 2393 in
683 2334 940 2406 modum,
974 2333 1198 2410 linguae
1232 2352 1447 2411 graecae
1488 2351 1601 2392 non
1643 2333 1968 2402 immemor,
2021 2333 2195 2391 Saeva

168 2430 492 2491 masculino
509 2431 796 2509 adjectivo
821 2429 1134 2489 articulum
1161 2431 1243 2488 ita
1261 2431 1544 2508 praeponit
1568 2437 1629 2489 ut
1649 2449 1855 2489 nomen
1880 2430 1978 2487 fiat
1996 2447 2194 2505 corpo-

165 2526 290 2588 rale
318 2526 407 2587 vel
439 2527 651 2604 saepius
685 2527 1067 2605 incorporale,
1100 2545 1157 2584 v.
1188 2546 1248 2604 g.
1284 2544 1297 2585 :

435 2695 638 2762 En'qui
664 2698 877 2747 Nature
904 2699 935 2747 a
960 2697 1069 2747 mis
1093 2710 1233 2761 pour
1258 2710 1320 2747 sa
1347 2696 1654 2761 plaisance.

436 2779 580 2829 Tout
603 2779 653 2827 le
668 2777 923 2843 parfaz‘ct
947 2778 1016 2829 de
1041 2792 1143 2828 son
1170 2777 1326 2828 divin
1352 2791 1599 2841 ouvrage
1623 2778 1976 2843 (ccnxxvm).

433 2860 576 2912 Sans
601 2859 836 2909 efforcer
860 2859 910 2908 le
937 2859 1142 2910 Monde
1169 2859 1428 2909 d’adorer

430 2941 488 2992 Si
513 2940 824 2991 fervement
852 2941 900 2989 le
922 2939 1102 2990 sainct
1133 2940 1202 2991 de
1228 2943 1323 2991 ton
1349 2941 1533 3004 image
1558 2941 1791 3006 (cxciv).

216 3141 275 3195 (1)
306 3142 366 3183 Le
401 3145 546 3193 tempz
576 3153 603 3181 a
632 3141 715 3181 fait
741 3151 842 3193 que,
873 3143 1010 3192 ayant
1035 3141 1130 3181 este
1158 3140 1203 3180 la
1230 3141 1395 3192 langue
1431 3138 1654 3188 francoise
1693 3138 1895 3178 illustree
1919 3139 1962 3177 et
1995 3137 2191 3178 enrichie

165 3220 249 3261 par
271 3208 312 3249 le
337 3220 470 3249 cours
493 3207 548 3248 de
569 3207 798 3259 plusieurs
823 3207 999 3255 siecles,
1025 3207 1110 3248 elle
1135 3210 1201 3246 est
1226 3207 1336 3258 petit
1361 3206 1387 3246 a
1411 3206 1521 3258 petit
1548 3216 1774 3257 parvenue
1798 3204 1825 3244 a
1849 3215 1900 3244 sa
1925 3203 2189 3256 perfection‚

165 3278 208 3316 et
237 3274 348 3317 n’est
372 3275 398 3316 ὸ.
424 3274 605 3324 present
628 3274 915 3314 infertam-ea
948 3285 1120 3314 aucune
1161 3278 1304 3313 autre.
1349 3272 1494 3324 (Com.
1535 3272 1708 3322 MouL,
1747 3283 1791 3323 p.
1830 3269 1921 3310 263.
1963 3270 2032 3310 Cf.
2068 3272 2190 3310 Con-

164 3341 381 3392 frairies,
401 3341 485 3389 44).
508 3342 621 3381 Huic
645 3341 743 3381 loco
768 3352 1021 3393 repugnare
1040 3340 1252 3380 videntur
1272 3351 1371 3391 quae
1397 3339 1719 3379 commentario
1740 3338 1794 3377 de
1819 3337 1962 3377 edicto
1983 3336 2190 3376 Blesensi

70 3445 75 3450 .
164 3409 325 3462 praeire
350 3409 508 3453 voluit.
534 3408 613 3448 ubi
642 3410 743 3448 utra
766 3408 922 3459 lingua
952 3407 1209 3447 forensibus
1233 3406 1368 3446 rebus
1397 3406 1671 3454 conveniret,
1701 3405 1950 3450 disseruit;
1976 3404 2039 3443 ita
2067 3404 2188 3443 enim

164 3473 370 3529 obscuris
394 3474 548 3515 verbis
571 3473 676 3514 fecit
700 3477 748 3513 ut
775 3475 975 3515 Duretus
1000 3473 1078 3513 ille
1101 3485 1235 3525 quem
1264 3473 1464 3514 vidimus
1487 3473 1781 3523 interrogaret
1806 3483 1892 3511 non
1918 3472 2016 3511 sine
2035 3470 2190 3522 aliqua

59 3563 69 3594 f
159 3541 374 3582 irrisione
400 3539 511 3594 quid
539 3540 690 3592 reipsa
728 3540 964 3580 sensisset.
998 3538 1160 3592 (Blois,
1197 3551 1237 3590 p.
1271 3538 1348 3579 303
1375 3547 1421 3579 ν’·
1447 3544 1489 3579 et
1509 3538 1587 3579 256
1622 3538 1698 3590 1·⁰).
1731 3539 1792 3578 Re
1819 3549 1925 3577 vera
1950 3537 1989 3576 si
2017 3541 2188 3577 attento

70 3654 71 3662 ἵ
120 3638 122 3640 ψ
163 3606 292 3648 oculo
310 3606 426 3647 lianc
446 3605 757 3658 praefationem
779 3605 1041 3657 perlegeris,
1061 3605 1238 3645 videbis
1261 3605 1549 3655 Bugno'niuin
1573 3607 1774 3644 nostram
1793 3603 1997 3654 linguam
2017 3613 2186 3649 amare,

75 3722 84 3727 .
162 3671 350 3714 latinam
372 3683 481 3714 vero
508 3671 762 3713 desiderare
786 3683 838 3712 ea
860 3683 948 3711 una
977 3683 1127 3719 causa,
1154 3683 1208 3711 ne
1233 3671 1449 3711 illitterati
1485 3671 1531 3711 in
1556 3670 1708 3711 curias
1747 3670 1958 3711 advocari
2001 3671 2045 3709 et
2082 3669 2187 3720 eligi

79 3782 83 3790 ,
161 3734 352 3792 possint.
375 3738 462 3781 Hic
484 3739 622 3791 igitur
641 3737 694 3779 de
720 3738 913 3790 politicis
935 3737 1070 3778 rebus
1095 3749 1182 3778 non
1207 3737 1259 3777 de
1286 3738 1449 3778 litteris
1470 3737 1642 3787 agitur.
