2508 4212
991 352 1288 402 —127-

215 487 380 552 Quod
429 487 477 544 si
524 487 759 561 longam
809 486 1016 543 seriem
1066 486 1374 544 verborum
1423 485 1789 544 considerare
1837 484 2001 556 veliS,
2047 506 2161 544 non

132 583 332 642 dubito
365 584 503 659 quin
530 581 780 658 primum
807 582 1038 640 mireris
1065 582 1362 640 hominem
1386 581 1611 658 ingenii
1637 581 1787 639 aridi
1811 601 1881 640 ea
1899 582 2164 641 libertate

133 680 194 738 in
240 678 508 755 linguam
557 696 720 736 suam
772 697 935 736 usum
983 696 1131 747 esse,
1172 696 1302 753 quae
1351 677 1538 736 solum
1595 683 1822 754 poetam
1855 677 2164 751 fecundum

134 774 464 853 pariterque
489 774 850 832 abundantia
875 793 1070 832 rerum
1101 774 1407 850 inopiaque
1439 773 1855 832 vocabulorum
1892 773 2165 833 laboran-

0 858 7 875 ’
59 868 62 871 ’
97 947 105 958 .
134 877 249 930 tem
274 869 522 928 deceret.
555 870 667 928 Sed
692 889 819 928 eam
838 868 1043 928 omnes
1070 876 1191 928 tum
1233 870 1500 946 regulam
1525 869 1815 927 scribendi
1832 870 2166 930 habuerunt

137 992 251 1050 qua
292 973 568 1048 antiquus
617 974 853 1049 quidam
899 1000 924 1028 «
964 974 1345 1050 scriptoribus
1386 973 1672 1032 inservire
1718 973 2008 1051 linguam,
2048 993 2163 1033 non

137 1068 359 1145 linguae
407 1069 720 1146 scriptores
751 1092 778 1121 »
810 1070 1101 1146 professus
1123 1075 1229 1127 est.

218 1165 281 1224 Si
302 1183 439 1224 vero
478 1171 803 1223 creatorum
834 1166 1139 1224 verborum
1164 1172 1437 1224 naturam
1462 1165 1761 1241 respiciaS,
1792 1171 2057 1242 apertum
2083 1173 2169 1225 est

136 1261 515 1339 Bugnonium
534 1262 683 1320 inter
700 1263 1076 1321 Ronsardum
1101 1270 1157 1320 et
1174 1261 1477 1338 iIIOS,quos
1503 1261 1873 1320 Rabelaesius
1890 1261 2173 1340 multique

138 1357 679 1428 irriserunt,latinae
706 1376 1034 1434 graecaeque
1055 1357 1279 1434 linguae
1307 1357 1634 1426 helluones,
1656 1364 1734 1425 et,
1759 1365 1822 1416 ut
1848 1359 1930 1416 ita
1955 1359 2168 1430 dicam,

138 1453 514 1523 laceratoreS,
553 1460 811 1513 secutum
844 1473 968 1513 esse
997 1455 1242 1512 mediam
1269 1454 1577 1531 quamdam
1611 1456 1766 1512 viam
1800 1474 1972 1531 quam
2005 1456 2174 1515 Saeva

138 1551 447 1628 ingressus
485 1557 662 1631 esset,
699 1570 866 1627 quem
906 1549 1269 1627 plerumque,
1314 1550 1461 1609 fidus
1500 1569 1714 1620 comeS,
1754 1552 2015 1610 imitatus
2064 1560 2172 1622 est,

138 1646 280 1707 felix
311 1647 360 1705 si
387 1646 654 1725 passibus
679 1665 811 1705 eum
838 1666 1075 1723 aequare
1092 1654 1307 1724 posset.
1339 1647 1518 1723 Cujus
1553 1647 1634 1705 rei
1663 1646 1835 1705 fidem
1866 1648 2080 1721 facient
2107 1668 2176 1707 ea

139 1742 407 1821 exempla
435 1761 564 1820 quae
600 1743 819 1820 pariter
843 1762 875 1800 a
908 1743 1223 1819 Bugnonio
1255 1750 1312 1801 et
1344 1743 1518 1802 Saeva
1550 1743 1718 1801 toties
1757 1745 2173 1820 excerpsimus,

225 1838 518 1898 Interdum
546 1847 738 1897 tamen
787 1837 1024 1915 paulum
1064 1838 1138 1896 ad
1162 1839 1529 1897 Ronsardum
1562 1838 1818 1907 deflexit,
1856 1841 2177 1916 praesertim

146 1935 206 1994 in
247 1935 504 1994 serendis
547 1935 755 2011 graecis
792 1934 1106 2010 latinisque
1153 1934 1470 2004 vocabuliS,
1515 1954 1662 2011 quae,
1695 1936 1939 2012 pessime
1971 1935 2180 1994 Bellaii

147 2038 441 2109 praecepta
471 2032 881 2107 interpretatus
908 2037 965 2088 et
996 2031 1052 2087 in
1081 2028 1208 2087 illos
1245 2029 1554 2107 Delphicos
1587 2030 1936 2090 thesauros
1922 2050 2177 2100 irruenS,

147 2130 463 2206 congessit,
495 2134 828 2186 monstrans
853 2134 1068 2204 quanto
1087 2127 1343 2204 periculo
1363 2128 1628 2187 incautos
1649 2127 1722 2240 ad
1756 2147 1818 2188 se
1835 2129 2180 2188 Ronsardus

152 2223 214 2282 in
241 2223 366 2282 haec
394 2221 598 2301 praelia
631 2230 889 2281 vocaret.

203 2392 260 2443 (1)
286 2389 517 2431 Nonnulla
541 2390 750 2430 confiteor
772 2389 991 2430 vocabula
1013 2390 1123 2429 mihi
1150 2401 1237 2430 non
1265 2401 1396 2442 posse
1424 2390 1613 2443 intelligi
1638 2391 1738 2432 visa
1762 2404 1875 2434 esse.
1903 2394 2012 2443 Quae
2032 2393 2118 2444 vis,
2138 2397 2186 2435 ut

152 2458 246 2498 haec
270 2457 369 2498 sola
391 2466 657 2509 proponam,
686 2456 790 2497 huic
817 2456 909 2495 voci
936 2456 1229 2505 inqememet·
1254 2456 1457 2506 subjecta
1480 2460 1549 2497 est
1573 2458 1616 2497 in
1644 2458 1727 2499 hoc
1750 2470 1885 2501 versu
1916 2473 1927 2498 ε

360 2546 401 2586 ll
426 2545 690 2596 inyemente
715 2556 740 2584 a
767 2547 866 2596 part
890 2555 973 2596 soy
998 2555 1085 2596 que
1105 2545 1197 2584 riez
1226 2544 1415 2595 (Proter.
1444 2557 1491 2597 p.
1521 2545 1595 2596 5)?
2270 2508 2332 2627 l(
2355 2540 2366 2580 ι’

208 2634 274 2674 Ex
297 2634 392 2673 tota
409 2633 631 2674 sententia
650 2632 805 2683 conjici
833 2635 980 2684 potest
1006 2633 1249 2682 opinatur,
1273 2632 1349 2672 sed
1380 2644 1480 2684 quae
1506 2633 1563 2673 sit
1589 2633 1682 2674 haec
1705 2646 1804 2682 vox,
1832 2647 1921 2687 qua
1940 2635 2097 2687 lingua
2124 2636 2181 2676 sit

156 2702 253 2740 orta
277 2699 443 2740 nescio.

207 2782 453 2830 flatormer
483 2780 615 2821 credo
640 2779 763 2824 idem,
788 2779 1042 2831 significare
1067 2779 1186 2831 quod
1210 2780 1379 2828 flaccer,
1405 2779 1450 2820 id
1478 2783 1545 2821 est
1571 2782 1783 2822 blandiri
1811 2794 1825 2821 .·

729 2861 847 2901 C’est
867 2872 1108 2913 pourquoy

367 2930 539 2970 Autant
563 2939 734 2969 comme
758 2927 789 2967 il
816 2938 887 2968 rue
910 2928 1124 2975 flaconne
1153 2930 1193 2966 et
1219 2926 1397 2968 m'aime
1418 2928 1560 2978 (XXI,
1591 2940 1632 2980 p.
1658 2928 1739 2978 21).

213 3017 304 3059 Res
320 3020 471 3058 tamen
497 3017 544 3058 in
566 3017 803 3067 ambiguo.

214 3084 316 3125 Alia
333 3083 548 3124 mendose
571 3083 742 3135 scripta
766 3094 868 3123 esse
893 3085 933 3123 et
959 3081 1243 3123 emendanda
1273 3082 1483 3123 existimo
1511 3095 1518 3123 :
1547 3083 1651 3132 Hic,
1678 3095 1720 3124 v.
1751 3096 1796 3135 g.

523 3165 650 3206 Main
675 3165 728 3205 ‹le
756 3175 824 3204 me
845 3163 1063 3215 lipperja
1088 3164 1208 3205 lasse

217 3253 377 3294 Nonne
401 3252 639 3305 legendum
682 3252 836 3303 liyyer
862 3251 982 3304 quod
1022 3251 1079 3292 ab
1115 3251 1268 3291 italico
1296 3252 1470 3303 liqiare,
1500 3252 1683 3293 ductum
1708 3253 1860 3303 polire
1900 3255 1977 3294 aut
2019 3254 2195 3295 loevare

165 3318 420 3372 significet?

218 3384 435 3443 Deratler
458 3401 497 3441 si
535 3400 761 3441 notionem
800 3410 900 3451 quae
939 3399 1076 3439 verbo
1102 3396 1264 3450 subjici
1291 3398 1420 3449 solet,
1440 3398 1651 3451 accipias,
1679 3399 1750 3440 hic
1774 3411 1928 3452 parum
1954 3400 2183 3440 convenit.

712 3488 773 3528 Le
801 3487 911 3528 verd
935 3487 1103 3527 laurier

714 3554 848 3594 Pallit
869 3565 950 3593 son
977 3553 1087 3592 teint

372 3622 488 3663 Tant
507 3621 616 3674 qu'il
642 3622 812 3660 dev-ade
833 3620 859 3659 εὶ
884 3619 926 3659 la
957 3622 1072 3658 mort
1098 3619 1347 3659 ternissant
1370 3618 1486 3670 (LII,
1514 3630 1555 3670 p.
1583 3619 1670 3667 40).

223 3713 383 3763 Legam
413 3711 605 3750 libenter
629 3710 848 3756 derache,
871 3708 904 3747 i.
937 3719 979 3747 e.
1010 3708 1253 3747 evellitur.

223 3777 309 3820 Sed
337 3779 376 3819 si
402 3778 504 3829 quis
523 3774 804 3817 emendando
833 3774 1066 3825 Bugnonio
1091 3774 1285 3822 studeat,
1312 3774 1438 3815 brevi
1463 3785 1552 3826 quo
1578 3785 1627 3814 se
1653 3777 1809 3821 vertat,
1840 3786 1927 3815 non
1948 3773 2128 3816 habeat.
