2508 4212
1197 350 1463 400 -93-

390 487 524 546 Non
557 486 628 544 ab
651 486 838 562 ipsius
863 477 1208 543 'recentioris
1247 483 1470 560 linguae
1519 482 1934 542 consuetudine
1974 481 2121 541 illud
2161 501 2348 559 genus

310 583 540 642 dicendi
566 583 647 640 ita
690 587 972 640 remotum
1011 588 1102 639 est
1149 587 1212 638 ut
1261 598 1378 638 non
1426 579 1667 656 saepius,
1713 579 2039 656 praesertim
2091 597 2222 637 cum
2278 579 2349 638 de

310 678 600 738 coloribus
635 678 855 754 agitur,
880 684 1216 754 usurpetur.
1249 677 1379 735 Sic:
1409 676 1463 734 le
1489 677 1677 734 blanc
1701 678 1778 735 de
1805 677 1871 734 la
1896 676 2104 750 πεῖρε,
2137 676 2193 733 le
2213 678 2351 733 vert

309 778 386 835 de
428 775 619 843 l'eau,
663 780 720 832 et
751 772 870 831 alia
911 772 1084 831 facile
1124 772 1452 831 exscribam
1493 791 1627 848 quae
1676 772 1858 830 menti
1898 776 2101 848 sponte
2149 770 2351 828 obver-

309 879 538 929 santur.
579 870 689 928 Sed
716 876 772 928 et
808 869 992 928 multa
1024 868 1144 926 alia
1169 869 1460 946 adjectiva
1494 869 1577 926 sio
1614 886 1714 944 pro
1746 867 2013 944 positivis
2055 873 2353 943 ponuntur

306 974 364 1026 et
390 968 449 1024 in
475 966 959 1044 philosophorum
992 972 1049 1024 et
1081 966 1140 1023 in
1168 966 1463 1024 communi
1490 964 1667 1022 etiam
1695 964 1907 1041 lingua
1937 981 1949 1022 :
1981 965 2067 1022 Le
2115 963 2232 1021 bon
2281 963 2354 1021 de

310 1064 622 1140 Z'affaire,
656 1064 711 1121 le
738 1064 1010 1122 brillcmt
1036 1064 1124 1121 du
1156 1080 1363 1132 verre,
1402 1068 1512 1119 eto.
1923 1070 1926 1072 ’
2299 1074 2302 1076 ·

386 1160 694 1217 Neminem
730 1178 865 1216 vero
900 1159 1033 1216 novi
1075 1159 1171 1235 qui
1220 1158 1504 1216 audacius
1538 1157 1709 1215 Saeva
1742 1157 1852 1215 hac
1886 1156 2082 1232 figura
2132 1161 2351 1214 utatur.

306 1255 499 1313 Testis
530 1272 541 1313 :
578 1255 783 1329 l'av'yu
817 1257 890 1313 de
924 1260 1014 1314 tes
1055 1256 1328 1314 esclairs
1355 1255 1641 1332 (LXXX,
1678 1273 1735 1331 p.
1783 1253 1928 1327 4o);
1973 1252 2247 1312 Z’obscur
2283 1255 2358 1311 de

305 1370 422 1412 son
480 1354 743 1411 absence
807 1353 1288 1427 (CCCLXVIII);
1360 1349 1665 1411 Z’estonne'
1735 1353 1809 1410 de
1878 1350 2369 1426 l’ebayssement

306 1448 699 1524 (CCCLXIX)
726 1469 741 1523 3
775 1449 830 1507 Ze
858 1450 1073 1508 resolu
1094 1451 1169 1508 de
1187 1466 1338 1507 mon
1357 1449 1671 1507 intention
1693 1446 2090 1523 (CCCLXXI)
2116 1466 2132 1522 3
2157 1447 2361 1522 lepur

308 1547 382 1605 de
411 1546 476 1604 Za
495 1545 769 1621 pense'e;
799 1546 1101 1605 l'lzumble
1132 1547 1206 1604 de
1235 1545 1579 1623 l’affection
1610 1542 2067 1622 (CCCLXXX).

392 1642 558 1708 Quod
575 1643 703 1720 jam
739 1643 1005 1701 imitatur
1032 1643 1256 1701 Pontus
1288 1641 1594 1720 Tyardeus
1626 1658 1638 1700 ε

581 1770 639 1818 Je
667 1768 951 1818 mesurois
975 1781 1080 1833 pas
1106 1770 1139 1818 a
1164 1782 1269 1832 pas
1295 1770 1349 1818 et
1375 1767 1429 1817 la
1452 1767 1640 1831 plaine

586 1851 653 1900 Et
681 1848 892 1915 l’infini
917 1850 985 1899 de
1015 1852 1194 1899 vostre
1219 1851 1476 1905 cruautef
1619 1898 1622 1901 .

581 1933 657 1982 Et·
676 1930 920 1981 l’obstine
946 1931 1014 1981 de
1041 1947 1130 2008 ma
1153 1930 1581 1997 yrand'loyaute
1599 1930 1693 1995 (1).

315 2044 489 2105 Haud
523 2063 689 2103 secus
714 2031 1091 2121 BugnoniuS,
1130 2063 1487 2121 quanquam,
1529 2043 1640 2100 nisi
1675 2042 1872 2112 fallor,
1902 2041 2168 2100 timidius
2199 2058 2211 2099 ε

593 2172 669 2221 Le
695 2170 835 2235 petit
861 2170 1016 2235 doigt
1043 2170 1114 2220 de
1138 2173 1296 2221 voti-e
1324 2170 1477 2220 main
1504 2172 1763 2220 senestre

586 2254 691 2303 Par
718 2266 783 2302 sa
805 2252 1071 2314 rondeur,
1098 2254 1148 2302 le
1162 2252 1389 2319 parfait
1416 2252 1483 2301 de
1506 2268 1602 2302 son
1630 2255 1775 2300 estre
1802 2251 1915 2315 (VI,
1945 2265 1998 2315 p.
2031 2250 2131 2312 13).

586 2338 644 2386 Je
671 2335 761 2386 fus
790 2337 1006 2399 trompe
1031 2350 1134 2400 par
1161 2335 1395 2400 l’aspeot
1420 2335 1649 2385 radieus

589 2418 706 2478 Que
729 2408 827 2467 ses*
850 2416 1164 2468 flambeaus
1187 2416 1445 2483 jettoient
1469 2419 1502 2467 a
1528 2415 1838 2467 l’avanture

592 2501 698 2551 Sur
723 2501 773 2549 le
788 2499 925 2564 plus
947 2498 1083 2549 haut
1108 2500 1177 2550 de
1203 2514 1297 2549 ma
1323 2513 1529 2564 propre
1557 2501 1773 2549 stature
1803 2498 2025 2562 (XLIX,
2052 2498 2160 2560 38).

409 2612 827 2671 Animadverte
849 2631 986 2671 vero
1013 2631 1127 2670 non
1153 2613 1237 2671 rei
1266 2612 1632 2688 qualitatem,
1657 2610 1758 2670 sed
1777 2630 1901 2669 rem
1926 2610 2136 2688 ipsam,
2162 2610 2217 2668 id
2237 2615 2326 2669 est
2355 2627 2367 2669 :

330 2717 525 2787 caput,
563 2710 661 2768 hio
688 2708 1038 2786 significari.

417 2807 473 2883 β)
518 2807 848 2884 Saepissime
882 2825 1110 2882 quoque
1154 2812 1404 2865 veterem
1454 2811 1723 2882 repetunt
1779 2823 1949 2863 usum
1996 2802 2219 2880 linguae
2262 2821 2375 2879 quo

332 2903 657 2962 infinitivus
687 2922 791 2979 pro
826 2904 1061 2961 nomine
1086 2903 1342 2979 ponitur.
1373 2902 1507 2960 Jam
1546 2901 1719 2959 Saeva
1759 2901 2181 2979 Tyardeusque
2218 2899 2375 2958 viam

334 3005 730 3078 aperuerant:

604 3125 678 3174 Le
703 3124 971 3174 vacciller
997 3124 1071 3174 du
1098 3124 1308 3175 doubte
1333 3124 1482 3191 (Del.
1513 3125 1826 3189 CCCLXII).

606 3207 680 3256 Le
707 3207 912 3255 mentz'r
938 3210 991 3257 et
1019 3206 1068 3255 le
1093 3205 1331 3268 facheuae
1361 3204 1602 3255 mesdz're

603 3289 742 3340 D'un
769 3288 880 3338 mal
908 3288 1148 3351 parlant,
1180 3292 1232 3338 te
1260 3288 1319 3338 fit
1345 3287 1584 3338 Soudain
1605 3287 1832 3338 desdire
1858 3287 2015 3350 (E'rr.
2039 3302 2174 3347 am„
2200 3285 2307 3350 60).

418 3402 494 3461 Et
521 3401 673 3479 apud
708 3400 1090 3476 Bugnonium
1122 3417 1133 3458 :

603 3528 697 3577 Ma
724 3540 883 3576 muse
910 3525 1087 3576 craint
1112 3539 1181 3576 ne
1208 3539 1308 3591 say
1334 3526 1460 3593 quel
1489 3541 1815 3575 murmuret*
1839 3525 2112 3591 (XXXVI,
2141 3522 2244 3586 30).

600 3607 694 3656 Au
723 3607 853 3673 long
878 3607 1115 3672 souffrir
1140 3607 1210 3658 de
1237 3622 1328 3657 ma
1354 3607 1666 3672 rongearde
1692 3620 1823 3657 oure
1851 3607 2148 3671 (XXXVII,
2176 3619 2227 3670 p.
2268 3604 2371 3668 47).

386 3787 437 3836 (ι)
469 3789 579 3827 nrr.
627 3790 731 3827 Am.
761 3799 803 3839 p.
830 3785 893 3827 18.
927 3785 998 3826 of.
1030 3785 1186 3838 Epigr.
1216 3798 1259 3840 p.
1286 3787 1337 3827 50
1362 3790 1403 3827 et
1425 3786 1492 3835 67,
1523 3787 1586 3834 το,
1617 3786 1681 3828 77.
1715 3786 1922 3827 Primum
1953 3785 2127 3826 lim-um
2154 3755 2374 3826 Erroruin

332 3855 389 3895 ab
414 3855 610 3896 editione
640 3854 895 3901 MDXle,
921 3853 1168 3894 secundum
1192 3855 1432 3896 tertiumve
1458 3854 1514 3895 ab
1538 3854 1731 3896 editione
1756 3852 1931 3894 MDLV
1951 3851 2104 3895 attuli.
