2508 4212
1165 352 1422 406 ..35-

236 505 241 508 ·
304 488 481 562 '3-Non
509 489 655 566 quod
691 490 861 546 abiis
890 485 1234 548 abstinuerit
1257 492 1603 568 Bugnonius
1636 513 1767 571 quae
1793 515 1926 554 cum
1955 497 2138 572 rebus„
2161 499 2301 575 ipsis

270 606 437 662 paene
471 595 610 644 nata
647 605 772 644 esse
815 586 1110 660 videntur3
1142 588 1225 644 sic
1265 587 1402 647 deos
1443 591 1756 666 olympios
1795 599 1852 651 et
1883 599 2110 651 noctem
2135 597 2302 655 'tene-

270 684 526 742 brosam
552 683 806 758 appellat
845 701 855 739 :
1049 688 1053 693 '

437 824 519 871 Du
544 835 695 871 coeur
721 822 822 871 des
849 821 1009 871 dieus
1033 801 1381 891 olytnpiques
1400 826 1571 875 sortie
1599 827 1820 890 (XXIII,
1855 843 1904 891 p.
1936 831 2037 890 22).

433 905 629 967 Emmy
655 903 708 952 la
729 903 850 952 nuit
876 902 1189 953 tenebreuse
1213 908 1266 955 et
1294 906 1495 957 silente
1539 907 1748 971 (CVIH,
1779 924 1836 972 p.
1885 911 1994 973 94).

347 1031 590 1090 Omissis
619 1049 754 1089 vero
781 1051 875 1099 iis
915 1049 1046 1107 quae
1099 1046 1358 1090 veterum
1414 1033 1676 1111 exemplo
1726 1035 1990 1107 adduxit,
2044 1036 2302 1112 epitheta

267 1127 386 1185 fere
421 1125 615 1206 omnia
663 1126 1002 1202 diligenter,
1048 1125 1277 1184 collatis
1310 1128 1580 1186 omnibus
1631 1149 1762 1205 quae
1807 1131 1924 1187 vim
1963 1138 2064 1188 aut
2106 1131 2299 1191 lumen

269 1223 587 1283 sententiae
608 1216 820 1280 addere
845 1228 1132 1299 poterant,
1177 1225 1479 1299 quaesivit.
1533 1225 1725 1283 Testis
1753 1225 1849 1284 ille
1877 1246 2026 1286 unus
2055 1247 2300 1289 versus:

368 1404 370 1406 .
410 1366 546 1413 JTa
566 1363 784 1414 bouche
810 1363 1018 1430 rende,
1034 1365 1231 1413 circite
1254 1368 1307 1414 et
1333 1365 1633 1425 sandaline
1654 1365 1872 1429 (XVIII,
1905 1368 2010 1430 19).

342 1491 590 1569 Ideoque
629 1492 941 1584 adjectiva,
995 1499 1382 1569 quotcumque
1433 1494 1673 1552 deerant
1730 1501 1831 1553 aut
1879 1495 2076 1554 deesse
2129 1496 2302 1556 vide—

262 1590 496 1657 bantur,
527 1589 684 1655 fecit,
709 1595 810 1647 aut
834 1588 1000 1646 duxit
1025 1608 1096 1646 ex
1122 1591 1442 1647 recentiore
1468 1591 1859 1650 vetustioreve
1886 1590 2114 1668 lingua,
2146 1594 2299 1670 quod

261 1688 403 1744 satis
437 1687 778 1764 videbimus,
812 1686 1104 1755 Ceterum,
1135 1705 1235 1743 seu
1271 1705 1421 1743 nova
1454 1686 1680 1745 inducit
1714 1688 2014 1758 vocabula,
2056 1709 2155 1748 seu
2185 1689 2303 1750 illis

263 1786 447 1843 utitur
500 1802 630 1860 quae
675 1784 734 1840 in
783 1767 1054 1859 promptu
1098 1789 1254 1851 sunt,
1294 1784 1605 1859 juncturas
1652 1803 1833 1842 novas
1875 1784 2039 1856 facit,
2089 1787 2299 1863 quibus

263 1867 530 1940 nonnulli
558 1883 886 1938 nostrorum
919 1879 1239 1937 invideant.
1270 1880 1403 1938 Non
1431 1880 1719 1956 ignobilia
1753 1882 1883 1940 haec
1910 1882 1980 1941 de
2009 1882 2194 1942 oculis
2229 1901 2241 1942 ε

659 2077 662 2081 A
696 2021 797 2072 Ses
821 2026 966 2083 yeux
991 2010 1182 2085 frijans
1209 2021 1263 2069 et
1287 2018 1443 2067 ποίης’
1470 2020 1607 2084 (Gn,
1641 2021 1833 2086 p.‚96)‚

263 2150 362 2209 ubi
403 2147 753 2207 vocabulum
794 2147 907 2204 cibi
948 2148 1249 2224 proprium
1305 2147 1364 2204 in
1418 2146 1616 2205 oculos
1671 2148 1925 2206 dominae
1975 2148 2300 2221 transtulit,

259 2249 318 2304 in
346 2260 490 2325 quos
516 2251 719 2303 amans
753 2243 988 2302 inhians
1020 2244 1201 2302 tacita
1232 2243 1535 2319 voluptate
1561 2245 1822 2320 pascitur
1849 2245 1964 2322 (l).

342 2344 467 2402 Nec
502 2343 696 2400 minus
715 2341 976 2418 jucunde
1008 2359 1122 2399 uno
1157 2340 1328 2398 verbo
1353 2338 1614 2398 osculum
1642 2339 1809 2399 illud
1805 2342 2027 2417 pingit,
2066 2342 2304 2454 liquidis

259 2446 587 2518 porrectum
614 2438 894 2516 lymphis,
934 2444 1004 2495 ut
1023 2438 1104 2495 ait
1133 2437 1377 2496 Ovidius
1421 2439 1452 2494 :v

688 2581 905 2629 Donne-
886 2592 1037 2642 -moy
1062 2581 1158 2628 ton
1183 2591 1351 2637 coeui,
1384 2591 1506 2627 ma-
1510 2577 1678 2638 belle,

821 2660 1106 2726 Avecq'un
1133 2659 1368 2708 moiteus·
1395 2659 1583 2710 baiser
1608 2660 1856 2725 (Gayete,
1886 2675 1939 2726 p.
1974 2662 2111 2727 123).

332 2794 387 2851 N
391 2812 454 2851 ec
473 2798 699 2850 tantum
720 2789 926 2848 amicae
947 2787 1258 2856 diluciduS,
1284 2794 1405 2855 aut,
1421 2793 1486 2846 ut
1503 2787 1684 2864 ipsius
1707 2788 1894 2847 verbis
1913 2790 2296 2859 utar,vitreus

252 2891 434 2960 color,v
474 2890 571 2948 sed
598 2895 655 2947 et
694 2894 923 2945 naturae
979 2884 1219 2943 daedala
1269 2884 1594 2943 fecunditas
1630 2885 1817 2944 -verba
1871 2885 2287 2963 suppeditavit.

251 2989 403 3047 Nam
431 2988 479 3045 si
507 2983 620 3045 n³on
657 2984 1027 3060 satispresse
1049 2981 1164 3039 dici
1196 2981 1426 3039 videtur
1455 2999 1490 3045 ε,
1565 3032 1567 3035 .

518 3129 625 3177 Les
650 3126 821 3175 sse'urs
849 3123 917 3174 d'e
943 3123 1083 3173 teint
1102 3122 1283 3172 infinit
1308 3121 1927 3187 empourprees·(Pan.,
1969 3138 2022 3186 p.
2053 3086 2206 3188 110),

245 3256 430 3313 rarior
446 3254 797 3331 justiorque,
820 3252 865 3309 si
894 3251 1022 3327 quis
1048 3250 1313 3308 Arabum
1369 3249 1571 3307 domos
1621 3248 1906 3325 respicere
1933 3248 2091 3319 velit,
2155 3250 2285 3311 haec

247 3351 555 3410 translatio
596 3368 606 3408 :
2132 3359 2135 3361 *

514 3493 586 3541 Le
615 3489 746 3540 verd
775 3488 1143 3553 emmor-esque
1170 3485 1239 3536 de
1265 3486 1436 3536 sseurs
1461 3483 1710 3548 (Gayete,
1744 3499 1802 3549 p.
1838 3486 1974 3550 126).

296 3693 354 3744 (1)
378 3692 588 3732 Fortasse
619 3689 882 3730 meminerat
911 3697 1071 3727 versus
1100 3684 1240 3736 hujus
1267 3683 1428 3725 Jacobi
1455 3683 1700 3725 Tahureau
1735 3696 1741 3722 :

655 3772 734 3812 Get
763 3770 837 3810 oeil
861 3770 1033 3819 friand
1059 3766 1137 3820 qui
1165 3766 1324 3807 solatre
1353 3776 1402 3806 se
1423 3776 1534 3807 roue

1517 3831 1835 3883 (L'Admire'e‚
1861 3832 1915 3884 e).
