2508 4212
1291 356 1354 364 —
1392 324 1490 380 100
1531 359 1589 367 ---

485 464 542 545 γ)
576 465 918 524 Abstraeta
955 465 1561 522 terminatione-tion
1592 465 1792 524 latino
1819 483 1997 525 more
2023 468 2311 538 formata
2343 484 2356 525 ε

404 598 766 664 expectation.
801 597 922 662 (Ep.
951 611 1012 660 p.
1047 595 1134 660 28)
1158 596 1178 654 s
1184 597 1254 645 V.
1288 600 1502 661 supra).

485 705 663 762 Seeva
692 720 704 760 :
737 703 1157 760 declinatz'on.
1196 703 1291 779 (L)

483 863 538 940 ὃ)
563 868 910 926 Abstraota
946 868 1481 925 terminatione-te
1514 871 1803 940 formata
1833 886 1848 927 ε

401 992 674 1061 favorite'*
701 992 896 1058 (XXII,
934 989 1107 1055 p..21)
1146 1006 1160 1042 :

730 1105 837 1154 Sus
864 1103 1052 1152 l'astre
1076 1106 1241 1166 pront
1268 1117 1300 1153 a
1327 1117 1417 1153 ma
1441 1104 1685 1170 favor-ite

485 1282 530 1351 ε)
549 1277 838 1336 Nomina
865 1275 1456 1334 terminatione-eur
1481 1278 1771 1349 formata
1799 1294 1815 1337 :
1883 1283 1886 1285 ’

480 1396 678 1454 Unum
706 1393 1075 1462 vocabulum,
1100 1414 1134 1452 a
1157 1394 1353 1464 verb0‚
1385 1394 1662 1470 adjuncto
1694 1413 1835 1464 eur,
1873 1394 2228 1453 declinatum
2263 1415 2298 1454 a
2324 1396 2445 1455 Bu-

403 1492 625 1570 gnonio
644 1491 813 1549 video
839 1508 851 1548 τ

316 1678 319 1681 .
408 1631 796 1700 Depraveurs*
820 1631 941 1698 (Ch.
970 1645 1024 1695 p.
1054 1629 1178 1695 51):

809 1758 853 1809 Ο
880 1770 1059 1819 mane,
1094 1756 1281 1819 aigres
1307 1728 1646 1822 depraveure

806 1842 884 1890 De
902 1839 1158 1889 mortelle
1186 1843 1467 1889 creature.
1501 1839 1578 1903 (1)

488 1963 763 2020 Attamen
795 1959 992 2036 nescio
1026 1977 1100 2016 an
1139 1958 1456 2035 Bugnonio
1489 1958 1737 2018 alterum
1771 1979 1998 2038 quoque
2035 1962 2445 2022 vindicandum

410 2058 503 2118 sit.
543 2057 789 2134 Legitur
822 2056 901 2113 ib.
933 2074 990 2131 p.
1029 2054 1109 2113 50
1139 2071 1152 2112 ε

779 2198 822 2248 O
849 2198 1020 2256 VOUS‚
1050 2208 1289 2259 pensers
1321 2178 1667 2261 enymvemsss

774 2281 883 2330 Des
910 2291 1075 2327 maus
1099 2276 1225 2341 qu’a
1255 2278 1453 2327 Macen
1477 2277 1749 2342 j'endure.

489 2408 657 2473 Quod
678 2406 835 2465 nullo
855 2424 946 2463 mo
969 2406 1021 2461 lo
1044 2405 1227 2480 possis
1246 2405 1640 2481 interpretari,
1667 2407 1716 2464 si
1742 2425 1882 2464 voce
1907 2424 2282 2481 enyraveur
2300 2409 2454 2467 idem

404 2505 516 2564 hoc
560 2505 687 2562 loco
736 2502 1059 2578 significari
1109 2519 1315 2578 ponae,
1368 2501 1520 2577 quod
1561 2503 1712 2578 apud
1756 2503 2130 2562 Ronsardum
2167 2510 2269 2562 aut
2317 2503 2454 2563 Bel-

402 2603 607 2672 laium‚
660 2601 721 2658 id
752 2606 838 2658 est
876 2599 1225 2674 sculptorem
1253 2599 1352 2671 (=
1376 2597 1649 2677 graveur)
1689 2596 1791 2676 (2).
1833 2599 2108 2677 Suspicor
2132 2600 2231 2660 hic
2254 2600 2450 2678 legen-

402 2699 537 2757 dum
586 2717 711 2756 esse
758 2713 1122 2771 enqreveur
1178 2695 1275 2772 (ε
1308 2695 1405 2771 qui
1444 2694 1703 2772 gravat),
1744 2696 1919 2779 quod,
1966 2702 2194 2755 mutata
2226 2696 2446 2770 littera,

401 2802 739 2872 corruptum
771 2799 858 2852 est
894 2792 1002 2869 (3).
1032 2791 1159 2849 Etsi
1196 2809 1482 2866 nusquam
1519 2791 1630 2849 hoc
1665 2810 1875 2850 nomen
1903 2791 2242 2864 ostenditur,
2271 2793 2448 2854 facile

401 2891 774 2968 intelligitur,
806 2909 911 2948 nec
953 2890 1002 2946 is
1034 2894 1120 2947 est
1148 2888 1496 2964 Bugnonius
1524 2889 1618 2964 qui
1654 2907 1691 2945 a
1723 2891 1887 2947 novis
1925 2889 2239 2950 abstineat.

483 2997 692 3056 Confer
716 3015 846 3054 oum
875 2994 947 3052 iis
976 2993 1330 3071 adJectivum
1371 2998 1744 3048 scandaleur*
1771 3000 1992 3063 (XXXI,
2021 3016 2075 3065 p.
2104 3001 2192 3068 27)
2232 3015 2245 3052 ε

602 3136 904 3188 Ma-dame.
924 3176 933 3186 .
956 3174 967 3184 .
1117 3148 1202 3183 me
1231 3134 1311 3183 dit

601 3218 813 3281 Qu'elle
838 3217 1116 3280 craignoit
1142 3216 1192 3265 le
1217 3215 1558 3265 scandaleur
1584 3215 1778 3267 medit.

480 3346 652 3423 Apud
710 3351 931 3403 veteres
985 3342 1445 3402 scandalis-eur
1499 3347 1556 3399 et
1611 3331 2234 3419 escandaliseur'w.
2287 3342 2436 3401 God.

398 3441 577 3515 Lem).
610 3443 797 3502 Littre
823 3461 858 3499 a
883 3439 1126 3499 Calvino
1161 3438 1360 3497 attulit
1385 3439 1819 3498 scandaleuoe.

447 3631 506 3681 (1)
531 3629 671 3671 Littre
700 3630 830 3670 affert
855 3632 1183 3680 depravamur
1211 3639 1234 3669 e
1264 3628 1427 3669 Lexico
1454 3627 1631 3668 Monet.

446 3699 503 3749 (2)
533 3709 765 3747 enqraver
788 3714 838 3736 =
866 3708 1043 3747 yrcwer
1071 3695 1192 3747 apud
1220 3696 1370 3747 ipsum
1399 3695 1707 3747 Bugnonium,
1740 3691 1869 3740 VIII,
1902 3693 1949 3734 14
1975 3694 2117 3746 legas.

448 3764 504 3815 (3)
526 3764 591 3804 Cr.
614 3762 733 3815 apud
758 3762 1050 3802 Itonsardum
1072 3772 1330 3811 νενιῃνευεν
1348 3761 1401 3809 (ἶ,
1421 3761 1484 3811 8).
