2508 4212
1051 335 1124 351 ·—-
1158 314 1322 363 21—-

177 448 326 518 nois,
374 447 456 506 l'a
518 444 639 506 inis
686 466 759 506 en
814 448 1079 517 iumiere,
1131 466 1243 504 non
1296 465 1432 504 sans
1475 446 1733 523 louange
1779 446 1848 504 de
1892 444 2012 504 l'un
2048 453 2105 503 et
2138 444 2208 503 de

174 542 393 603 l’autre
426 544 534 620 (l).
571 565 599 596 »

262 639 537 697 Attamen
585 658 655 696 ne
703 639 838 715 quid
889 638 1083 696 nimis,
1138 639 1262 698 Reo
1318 645 1515 696 nostro
1562 637 1849 707 absolutO,
1900 637 2210 713 benignius

180 754 348 813 aequo
377 754 505 797 esse
527 734 638 793 hoc
653 735 946 810 judicium
985 734 1285 792 fatendum
1334 741 1441 792 est.
1498 735 1620 792 Nec
1652 734 2064 792 contumeliam
2106 751 2212 790 nec

181 831 461 894 honorem
487 831 718 890 meruit.
758 830 930 888 Absit
961 838 1017 888 et
1043 830 1214 905 virga
1246 830 1302 888 et
1343 829 1565 888 laurus,
1596 831 1725 888 Nisi
1765 831 1917 888 enim
1952 829 2210 887 codicem

179 927 238 985 in
280 926 532 1004 plurima
586 927 920 1002 fragmenta
973 925 1278 1002 disjectum
1346 926 1403 983 in
1454 927 1723 984 manibus
1756 945 1888 984 eum
1939 925 2212 982 habuisse

166 1024 404 1104 credas,
434 1023 585 1098 quod
617 1021 856 1086 difficile
881 1041 982 1099 pro
1010 1040 1147 1081 vero
1180 1022 1387 1089 habeo,
1425 1041 1756 1098 quanquam
1784 1021 2077 1097 professus
2097 1026 2207 1085 est,

183 1144 210 1178 (ι
242 1119 351 1186 sibi,
391 1117 518 1196 plus
552 1119 782 1195 negocii
809 1118 990 1179 fuisse
1033 1119 1090 1176 in
1123 1118 1477 1176 collocandis
1525 1120 1626 1195 per
1662 1137 1905 1194 quaeque
1954 1123 2213 1192 tempora

90 1257 93 1261 -
180 1215 352 1283 mbas
378 1216 585 1291 gestis..
614 1234 794 1291 quam
831 1216 887 1272 in
937 1214 1372 1274 conscribendis
1413 1215 1485 1272 iis
1521 1215 1796 1290 impensae
1839 1230 1997 1271 curae
2041 1211 2121 1289 (⁶2)
2150 1232 2207 1280 »,

182 1328 377 1388 parem
430 1312 483 1368 in
523 1321 770 1387 utroque
804 1310 1088 1379 laborem,
1142 1310 1365 1368 scilicet
1390 1310 1509 1368 fere
1543 1308 1791 1378 nullum,
1830 1326 1961 1367 eum
1996 1309 2210 1385 impen-

181 1408 334 1467 disse
357 1414 624 1485 apertum
648 1414 755 1467 est.
1462 1401 1468 1405 ’

261 1502 563 1563 Nonnulla
591 1503 820 1579 quidem
871 1501 1106 1570 delevit,
1135 1503 1426 1579 praecipue
1469 1521 1539 1560 ea
1560 1520 1690 1578 quae
1723 1497 2112 1559 Fustallerius
2145 1500 2215 1558 de

181 1618 243 1658 se
268 1604 371 1657 aut
411 1599 482 1657 de
522 1598 766 1657 Claudio
794 1600 1209 1676 Longovicano
1257 1608 1313 1658 et
1366 1600 1493 1678 ejus
1527 1599 1794 1673 cognatis
1835 1607 1936 1656 aut
1978 1597 2213 1674 agnatis

185 1709 484 1777 retulerat,
535 1715 610 1780 et,
644 1710 691 1767 si
719 1728 851 1786 quae
902 1710 959 1768 in
987 1709 1183 1769 libello
1210 1711 1459 1808 speciem
1488 1708 1747 1788 epistolae
1772 1708 1936 1787 quasi
1969 1707 2214 1785 privatae

181 1804 536 1882 praebebant,
566 1824 636 1863 ea
662 1805 928 1864 mutavit.
970 1807 1059 1882 (3)

261 1899 606 1959 Addendum
636 1920 769 1960 vero
803 1901 923 1960 fere
952 1902 1096 1959 nihil
1127 1902 1352 1980 putavit
1383 1908 1485 1959 aut
1512 1898 1718 1958 habuit
1765 1848 1869 1978 (4¹),
1915 1900 2026 1957 nisi
2063 1898 2217 1957 locos

178 1997 334 2056 tritae
372 2004 428 2055 et
457 1997 883 2074 vulgatissimae
933 1999 1302 2068 eruditioniS‚
1336 2006 1398 2057 ut
1423 1999 1492 2055 de
1535 1999 1767 2071 nomine
1795 1998 1878 2056 Lu
1885 1997 2085 2075 gduno
2110 2002 2215 2054 aut

178 2093 391 2151 Franci
430 2093 853 2151 historiuncula
882 2097 987 2170 (6),
1020 2102 1121 2153 aut
1167 2095 1543 2154 brevissimas
1592 2094 1822 2152 notulas
1867 2046 1937 2152 doe
1979 2094 2051 2150 iis
2089 2110 2218 2169 quae

180 2190 300 2249 fere
324 2190 429 2248 sub
454 2191 639 2249 oculis
674 2191 879 2249 habuit
906 2190 1011 2268 (6).
1743 2212 1745 2214 ·

262 2286 348 2344 De
420 2285 574 2364 stylo
647 2286 853 2347 melius
923 2297 1009 2345 est
1082 2287 1275 2346 silere.
1338 2289 1459 2346 Etsi
1531 2286 1922 2345 Fustallerius
1977 2287 2218 2344 auribus

184 2382 513 2462 purissimis
559 2383 884 2442 orationem
928 2403 1092 2443 suam
1143 2403 1385 2461 gravem
1437 2384 1557 2442 sore
1610 2384 1911 2441 confessus
1966 2388 2052 2442 est
2103 2383 2212 2458 (7),

174 2478 376 2541 nescio
423 2498 497 2537 an
545 2479 707 2538 rudis
731 2499 803 2537 ea
827 2480 1058 2556 quidem
1107 2479 1472 2558 arida-quaet
1508 2478 1742 2557 gallicis
1791 2480 1981 2537 verbis
2006 2480 2219 2555 saepius

181 2573 505 2651 inquinata,
526 2573 687 2632 illam
716 2583 906 2632 tamen
927 2576 1364 2652 copiam,quam
1401 2575 1750 2651 Bugnonius
1770 2574 2215 2638 Ciceronianam

181 2670 596 2747 esseopinatus
628 2677 734 2739 est,
767 2683 1020 2748 superet.
1054 2671 1166 2730 Hic
1191 2672 1370 2741 enim,
1403 2690 1602 2730 recens
1635 2691 1670 2729 a
1699 2671 1857 2729 scola
1883 2681 1937 2728 et
1977 2670 2217 2747 majoris

231 2904 292 2957 (1)
314 2906 411 2946 Lec.
439 2906 469 2945 ἀ
494 2905 600 2945 Γέυ.
622 2906 679 2946 de
700 2906 846 2946 Maso.
869 2905 988 2955 1577,
1015 2915 1093 2957 op.
1131 2906 1211 2945 cit.

235 2986 291 3038 (2)
315 2986 462 3040 Eplst.
483 2985 540 3027 ad
566 2985 731 3027 Parad.
750 2998 803 3027 ex
825 2988 1003 3027 Chi-on.
1031 2986 1223 3026 Maciss.
1261 2998 1367 3039 pag.
1396 2987 1439 3027 3.

232 3067 292 3120 (3)
317 3066 628 3110 Vincentianae
652 3068 855 3109 ecclesiae
883 3083 932 3106 =
966 3071 1052 3108 tuae
1072 3070 1195 3120 (pag.
1234 3080 1278 3108 vi
1303 3069 1351 3108 B.
1382 3068 1437 3108 F.
1471 3080 1572 3121 pag.
1604 3069 1699 3121 x1):
1726 3069 1783 3110 cf.
1807 3068 1861 3109 F.
1895 3081 1944 3121 p.
1978 3078 2121 3108 xnvm
2147 3051 2221 3125 (de

187 3134 439 3184 Philiberto
477 3137 520 3174 et
547 3133 732 3177 domino
758 3134 1001 3188 Philippo),
1034 3134 1088 3175 de
1130 3134 1301 3175 'l‘homa
1347 3134 1563 3186 Seyverto
1593 3140 1709 3187 (pag.
1741 3138 1879 3183 xxv);
1911 3134 1965 3175 de
2005 3144 2222 3186 germano

186 3200 525 3254 consanguineo
545 3200 667 3255 (pag.
699 3202 888 3251 xxvm).

230 3281 299 3335 (4)
326 3273 562 3330 Quomodo
590 3281 644 3322 de
670 3281 891 3324 miraculo
935 3285 1094 3323 testem
1139 3282 1318 3322 Petrum
1365 3282 1679 3323 Venerabilem
1723 3283 1943 3334 rejecerit,
1970 3282 2074 3323 vide
2103 3282 2221 3323 infra

190 3346 402 3402 Append.
439 3348 472 3389 1.

239 3430 298 3483 (5)
327 3429 444 3482 Pag.
477 3440 579 3478 vm,
606 3441 742 3469 xxlv.

168 3525 189 3538 .‚
236 3511 297 3562 (6)
326 3509 481 3551 Veteri
507 3511 791 3561 suburbano,
830 3510 1053 3557 coenobio.
1085 3513 1213 3561 quod
1247 3512 1362 3553 olim
1388 3514 1529 3555 Petro
1555 3526 1750 3555 sacrum
1780 3514 1889 3564 suit,
1918 3525 2049 3565 nunc
2079 3523 2220 3563 pros-

169 3582 364 3638 ,εναιιινη
391 3579 537 3627 jacet,
566 3588 655 3618 nec
684 3578 823 3618 aliud
859 3588 990 3617 nunc
1033 3582 1103 3618 est
1140 3581 1285 3631 quam
1325 3581 1500 3628 solum,
1533 3582 1615 3621 ubi
1643 3581 1964 3634 aedificiorum
2011 3581 2216 3632 vesciye'a

188 3648 378 3686 tantum
407 3643 652 3695 visuntur,
674 3655 702 3697 p
751 3655 881 3689 xxix.

236 3723 303 3779 ,(7)
325 3724 456 3784 Rae?
483 3736 555 3774 ιιι..
